2754 4710
570 464 791 526 ..103„.

144 626 312 705 Apollinem
340 637 368 684 et
397 627 524 685 Dianam
560 627 730 705 parturiens
764 634 859 697 esset,
887 620 951 706 ipsa
979 619 1133 700 llitlryia
1169 628 1268 696 opem

145 729 217 788 tulit
240 729 324 807 (16);
356 750 424 788 enm
454 731 526 788 vero
546 729 658 788 Dianae
678 728 911 803 parturientium
933 744 1011 786 eura
1033 704 1263 796 traderetur,

144 853 208 891 eam
226 834 344 892 nomine
358 833 514 914 llitlryiae,
539 833 617 912 quod
630 832 862 910 parturientium
879 835 959 890 Deae
973 839 1046 888 erat
1055 825 1260 909 proprium,

142 938 320 996 invocabant
343 947 467 999 veteres.
521 939 588 997 Jarn
617 936 695 1015 apud
726 935 890 994 Homerum
919 934 1052 1012 Hithyia
1090 943 1260 1010 tanquam

143 1051 285 1119 partuum
319 1062 451 1121 praeses,
482 1046 679 1123 μογοστόκος,
714 1041 848 1099 occurrit
884 1038 967 1119 (17);
1009 1039 1099 1117 quin
1136 1033 1258 1114 Lycius

143 1145 239 1220 Olen,
267 1146 319 1223 qui
337 1146 556 1223 antiquissimus
583 1145 712 1224 hymnus
741 1143 821 1201 inter
847 1141 972 1202 Graecos
1005 1141 1091 1200 feeit
1121 1149 1156 1198 et
1176 1146 1254 1194 aute

144 1247 301 1327 Orpheum
332 1248 442 1307 vixisse
460 1248 654 1322 credebatur,
685 1246 773 1304 etiam
796 1245 938 1322 inhujus
966 1248 1054 1304 Deae
1069 1244 1248 1302 'honorem

141 1349 288 1428 lrymnum
317 1353 500 1430 composuit,
536 1373 624 1432 quem
658 1350 737 1409 Delii
764 1349 906 1427 Ilithyiae
931 1367 997 1406 rem
1017 1347 1174 1405 divinam
1197 1343 1254 1401 fa-'

143 1455 254 1512 cientes
267 1501 275 1529 ,
313 1465 434 1513 eantare
469 1455 600 1514 solebant
631 1455 706 1533 (18).
756 1457 824 1514 Deli
861 1458 1018 1534 praecipue
1053 1438 1237 1522 colebatur,

143 1575 235 1633 eoque
264 1556 300 1613 ab
328 1556 528 1635 Hyperboreis
557 1559 691 1633 venisse,
723 1546 756 1617 ut
783 1560 963 1638 parturienti
984 1559 1124 1618 Latonae
1146 1576 1234 1636 opem

143 1658 251 1733 ferret,
283 1661 435 1718 dicebatur
465 1661 547 1742 (19);
580 1680 619 1718 ex
651 1661 698 1720 bis
719 1663 932 1741 igiturpatet,
956 1662 1086 1721 Graecos
1107 1660 1232 1738 abHy-

144 1762 293 1841 perboreis
313 1765 430 1824 cultum
453 1766 593 1844 llithyiae
613 1767 776 1846 accepisse,
799 1786 927 1846 quacum
946 1766 1093 1844 opinione
1115 1764 1231 1844 optime

142 1870 344 1946 eorrveniunt,
366 1892 442 1950 quae
481 1872 517 1931 de
537 1873 638 1931 eadem
657 1873 714 1932 Dea
724 1872 798 1932 dicit
819 1873 984 1931 Herodotus
1002 1871 1080 1952 (20).
1139 1869 1231 1950 Apud

142 1973 307 2033 Diodorum
358 1980 470 2035 mentio
507 1976 546 2035 sst-
576 1978 612 2035 de
649 1980 709 2036 Dea
751 1977 926 2052 Hemithea,
967 1996 1043 2055 quae
1079 1975 1115 2032 in
1158 1975 1229 2035 Asia

143 2078 257 2137 attinere
278 2080 446 2157 colebatur,
477 2102 613 2162 quaeque
642 2083 736 2162 aegris
757 2085 912 2140 insomne
931 2099 1077 2159 apparens
1098 2078 1229 2138 eviden-

142 2190 188 2240 ter
216 2183 360 2242 medelam
391 2185 582 2264 impertiebat
606 2196 636 2243 et
663 2186 829 2264 complures
857 2182 1017 2263 desperatis
1044 2181 1160 2240 morbis
1184 2181 1229 2240 as-

142 2283 234 2345 leetos
254 2286 291 2343 ad
310 2288 466 2346 sanitatem
488 2289 658 2360 redimebat,
689 2289 888 2369 mulieresque
908 2297 1050 2367 a‘partus
1069 2285 1228 2345 doloribus

142 2401 174 2447 ut
200 2391 341 2467 periculis
373 2393 532 2466 liberabat3
566 2393 651 2468 cnjus
682 2393 779 2451 cultus
808 2393 953 2470 originem
982 2390 1153 2448 Asiaticam
1173 2389 1231 2449 ha-

143 2493 239 2553 buisse
258 2494 396 2565 videtur,
421 2496 567 2574 siqnidem
589 2498 693 2556 Persae
714 2496 801 2554 Asiae
821 2497 1018 2576 imperantes,
1040 2516 1112 2553 curu
1123 2497 1231 2554 omnia

143 2601 334 2677 caeteroquin
356 2601 538 2660 Graecorum
559 2601 670 2679 templa
692 2599 907 2677 exspoliarint,
936 2620 953 2654 a
975 2596 1233 2658 solaHemitbeae

144 2701 212 2759 luco
241 2722 348 2760 uranus
380 2703 578 2763 abstinuerint
609 2702 688 2785 (21).
739 2704 822 2774 Quae
842 2708 866 2763 si
878 2712 991 2762 'revera
1010 2701 1048 2759 ad
1068 2702 1234 2783 Ilithyiam

175 2868 223 2929 (111)
240 2874 325 2929 llymn.
347 2875 442 2918 llossun.
465 2875 484 2915 1.
500 2888 534 2916 rs.
549 2876 578 2917 89
593 2889 642 2929 sqq.
667 2876 698 2918 ef.
719 2877 787 2918 rius.
809 2875 860 2916 Lib.
884 2876 904 2917 1.
927 2874 960 2915 18.
991 2873 1056 2914 iisne
1076 2875 1108 2915 ab
1130 2889 1237 2920 caussam

146 2952 239 3007 llitlryiu
261 2953 372 3008 imprimis
386 2954 453 3001 Deli,
475 2953 513 2994 ubi
528 2955 576 2995 nati
590 2955 660 2997 fuisse
680 2956 765 3011 Apollo
783 2962 807 2996 et
820 2952 893 2997 Diam
912 2950 1076 3001 credebamur,
1098 2956 1233 3002 colebatur.

151 3030 189 3074 (tt.
204 3032 307 3077 erasm.
329 3037 415 3091 llymn.
430 3035 454 3077 in
468 3022 559 3078 Delum.
574 3051 608 3079 rs.
619 3034 648 3079 56
661 3051 695 3090 sq.

174 3112 223 3170 nr)
241 3114 270 3157 n.
285 3100 323 3157 ΙΙ.
338 3130 373 3159 a.
392 3115 441 3160 rar,
459 3105 488 3151 Τ.
511 3130 545 3159 vs.
564 3116 612 3160 rm.

175 3194 223 3247 (111)
239 3196 298 3239 Pius
312 3196 354 3241 tx,
370 3210 391 3239 e.
406 3195 443 3239 27.
459 3197 479 3239 l.
492 3211 513 3240 c.
533 3198 567 3240 18.
599 3198 624 3239 lu
637 3198 721 3254 hymno
743 3198 783 3239 illo
802 3196 879 3239 Olenia
895 3195 988 3251 Ilithyia
1009 3202 1086 3238 mter
1107 3198 1236 3254 Cupidinis

145 3286 252 3320 vocatur:
267 3292 310 3331 qus
324 3293 351 3319 ex
369 3280 542 3322 reconlieitK.
557 3280 586 3322 0.
602 3278 714 3322 mussan.
730 3280 786 3329 (1.1.
803 3295 826 3335 p.
848 3279 901 3332 31³)
922 3279 1016 3322 Oleuem
1036 3278 1159 3323 Venerem
1174 3283 1237 3324 auti-

146 3370 226 3413 qusm.
244 3342 292 3409 ”JV
315 3338 494 3415 ’Ᾱῑῖρθδὶῐην
513 3347 656 3416 timim,
674 3377 726 3403 curu
741 3362 835 3417 Ilithyia
855 3360 981 3402 confudisse
994 3357 1182 3418 (il'entilicirte),
1197 3378 1235 3405 eu·

146 3440 182 3494 jus
197 3438 341 3481 simulacrum
357 3440 470 3489 Theseus,
486 3454 555 3493 quum
576 3456 603 3482 ex
627 3442 693 3481 (¹reta
716 3442 831 3489 rediisset,
854 3441 906 3481 Deli
927 3438 1033 3481 statuisse
1052 3440 1144 3483 elicitur
1167 3444 1238 3495 (Cn.-

149 3536 200 3565 mn.
215 3523 291 3577 llpmn
307 3523 329 3564 in
346 3523 396 3563 Del.
413 3532 447 3564 rr.
463 3522 505 3562 307
526 3527 595 3579 squ).
625 3522 702 3577 llujus
723 3524 838 3564 simulacri
858 3522 925 3563 etium
945 3521 1070 3562 Pausanias
1090 3525 1235 3568 mentionem

148 3602 219 3645 lesit:
235 3610 281 3643 erat
295 3603 491 3655 antiquissimum,
509 3604 562 3645 adeo
585 3611 611 3645 nt
625 3620 703 3647 manus
724 3607 801 3647 dextra
823 3611 934 3646 vetustate
952 3610 1009 3644 esset
1028 3617 1111 3659 exesa,
1127 3606 1236 3661 illudque

150 3683 261 3725 ’l‘lieseum
276 3686 388 3727 Arimlme
401 3686 529 3741 ademptum
550 3686 651 3739 Apollini
672 3688 737 3729 Delio
756 3687 881 3733 dedicasse,
902 3684 1044 3726 tradiderunt
1064 3685 1131 3727 Delii
1153 3685 1236 3738 (Pars.

152 3766 193 3808 lx.
209 3779 230 3807 e.
246 3764 303 3819 tu).
334 3768 431 3809 Videtur
445 3769 514 3822 igitur
525 3768 570 3822 jam
586 3768 712 3819 antiquitus
725 3767 780 3808 haur
796 3768 906 3808 Venerem
921 3766 981 3806 iuter
993 3771 1016 3806 et
1029 3766 1126 3809 Delium
1142 3771 1237 3813 cultum

151 3848 257 3903 piretus
271 3851 407 3894 necessitudo
420 3852 556 3896 interfuisse.
1046 3882 1052 3893 ·

181 3930 228 3985 (19)
245 3930 312 3973 l'srs.
328 3932 378 3975 lib.
395 3932 417 3974 l.
434 3947 454 3976 r.
479 3933 512 3974 ld.
786 3928 832 3981 (20)
850 3931 942 3972 llnun.
959 3930 1011 3973 Lib.
1030 3931 1077 3975 w.
1093 3945 1116 3974 e.
1131 3930 1174 3978 ³5.

182 4010 231 4067 (11)
248 4012 317 4054 Dion.
333 4012 380 4055 Sic.
395 4012 446 4057 Lib.
463 4015 493 4056 Υ.
508 4028 529 4057 e.
545 4013 582 4056 63.
601 4014 675 4063 (Tem.
692 4014 710 4055 l.
727 4026 748 4066 p.
764 4012 807 4053 :tuo
821 4012 865 4065 sq.)
