2754 4710
573 455 791 514 -152-·

147 615 186 672 ab
218 615 354 673 omnibus
376 615 431 690 iis,
458 617 510 694 qui
536 616 573 674 de
600 637 635 674 eo
661 618 860 695 scripserunt,
882 614 1062 674 sacerdotem
1086 612 1203 672 habitum

144 740 223 795 esse,
244 729 275 778 et
301 740 406 798 parum
425 721 508 779 nobis
537 722 648 794 refert,
679 741 718 778 au
737 740 835 796 sacra,
855 738 938 799 ¹quae
955 717 1137 793 instituerit,
1152 716 1202 794 ilus

143 823 312 897 invenerit,
342 844 381 880 an
408 844 482 882 vero
508 845 526 881 a
559 835 644 904 patre
662 826 710 882 vel
728 825 765 881 ab
789 823 939 902 Aegyptiis
960 823 1106 900 acceperit
1135 818 1202 897 (9l).

146 926 230 986 llnnc
259 947 411 985 sacrorum
441 927 555 986 rituum
584 929 797 1006 interpretem,
830 925 1057 1004 hierophantem
1079 923 1127 1004 (ut
1149 944 1205 983 eum

144 1041 232 1089 vocat
267 1033 400 1091 Clemens
435 1030 655 1090 Alexandrinus
683 1029 792 1109 (95)),
822 1030 1002 1089 medicinam
1033 1029 1207 1103 exercuisse,

144 1151 205 1191 non
236 1134 330 1192 solum
359 1154 397 1193 ex
417 1135 483 1193 loco
503 1135 594 1193 citato
616 1135 777 1193 Pausaniae
798 1145 898 1213 patet,
920 1134 1079 1192 sedetiam
1099 1153 1137 1190 ex
1158 1141 1210 1190 tra·

143 1238 274 1313 ditione,
294 1240 382 1315 juxta
404 1260 494 1316 quam
515 1239 653 1318 Orpbeus
673 1239 706 1328 in
728 1239 866 1298 Thraciis
888 1238 995 1298 tabulis
1006 1237 1212 1296 medicamenta

142 1344 348 1421 conscripsisse
368 1343 563 1419 credebatur,
581 1344 627 1421 cuj
634 1365 667 1402 us
684 1344 863 1401 mentionem
889 1343 961 1400 lacit
973 1341 1133 1418 Euripides
1146 1340 1213 1421 (9613

142 1448 217 1524 quin
247 1449 325 1507 tanti
352 1449 416 1525 ejus
443 1449 480 1506 de
505 1449 727 1509 medicamentis
747 1449 948 1527 cognitionem
969 1446 1041 1504 fecit
1062 1437 1169 1524 poeta,
1186 1453 1216 1502 ut

143 1572 206 1610 eam
235 1552 270 1630 (Ι.
298 1551 339 1630 c.)
368 1553 570 1631 aequipararit
593 1575 660 1610 cum
680 1553 737 1628 iis,
759 1574 835 1634 quae
856 1553 918 1630 ipse
941 1551 1048 1630 Apollo
1070 1551 1216 1630 Asclepia-

141 1655 227 1713 dibus
253 1658 441 1734 patefecerat.
483 1657 546 1717 Hoc
575 1669 655 1716 certe
685 1659 722 1715 ad
755 1658 955 1716 recentiorum
985 1656 1218 1734 exaggerationes

142 1760 290 1837 pertinet,
323 1762 368 1819 uti
392 1762 482 1820 etiam
512 1783 564 1839 ea,
591 1784 664 1841 quae
686 1764 759 1821 dicit
779 1763 912 1835 Taetzes,
930 1760 1085 1838 Orpheum
1110 1759 1219 1830 scilicet

142 1865 264 1923 scivisse
281 1867 463 1925 universam
483 1868 667 1925 curationem
692 1871 863 1942 (σύμπασαν
883 1867 1059 1944 θεραπείαν)
1083 1860 1174 1943 (97),
1195 1872 1221 1920 et

143 1969 274 2044 Plinius,
305 1971 359 2048 qui
390 1969 546 2049 Orpheum
579 1971 711 2048 primum
746 1971 882 2027 omnium
903 1968 1050 2026 curiosius
1071 1967 1175 2046 aliqua
1191 1965 1223 2024 de

142 2071 241 2131 herbis
268 2073 432 2152 prodidisse
468 2072 600 2132 affirmat
622 2072 700 2151 (98).
754 2073 901 2130 Videntur
928 2071 1021 2149 igitur
1049 2071 1224 2128 recentiores

145 2175 249 2233 eodem
280 2176 365 2233 modo
393 2177 507 2255 Orphei
539 2177 718 2236 medicinam
750 2176 853 2234 nimiis
882 2174 1018 2232 laudibus
1043 2175 1222 2243 celebrasse,

148 2279 398 2356 quemadmodum
431 2281 468 2338 de
489 2283 656 2340 carminum
678 2281 742 2357 ejus
767 2281 843 2338 mira
863 2279 977 2337 virtute
998 2278 1095 2335 multa
1116 2278 1226 2338 sabula-

148 2381 275 2454 bantur,
306 2381 379 2439 adeo
406 2393 440 2439 ut
469 2383 625 2460 dicerent,
656 2406 724 2442 eum
746 2383 927 2442 carminibus
950 2404 1008 2441 non
1030 2383 1131 2441 solum
1153 2385 1229 2443 feras

146 2482 312 2557 domuisse,
347 2483 396 2541 sed
421 2485 513 2542 etiam
539 2487 658 2546 arbores
685 2508 722 2544 ex
751 2487 817 2545 loeo
845 2487 1000 2546 deduxisse
1028 2497 1058 2544 et
1090 2509 1184 2568 rupes
1203 2500 1230 2548 et

146 2585 280 2644 amnium
311 2585 427 2644 fluenta
455 2586 625 2647 demulsisse
646 2589 730 2671 (99),
754 2610 884 2668 eumque
911 2590 1007 2647 lilium
1026 2590 1123 2668 ipsius
1142 2593 1233 2672 Apol·

143 2688 215 2746 linis
233 2689 281 2747 vel
298 2691 398 2748 Musae
420 2691 567 2771 Calliopes
594 2714 654 2753 esse
677 2693 867 2773 perhiberent
888 2693 987 2770 (100).
1028 2693 1175 2754 Attamen
1198 2717 1234 2757 ex

146 2785 344 2870 hyperbolicis
384 2792 458 2852 artis
499 2796 628 2856 medicae
655 2799 769 2878 Orphei
795 2798 930 2857 laudibus
960 2808 1058 2878 patet,
1092 2820 1168 2860 eum
1202 2803 1236 2862 ab

141 2945 354 2959 m

173 3042 220 3096 (94)
236 3044 307 3085 Dion.
323 3043 369 3084 Src.
387 3042 437 3084 Lib.
453 3043 500 3084 111.
514 3055 534 3083 c.
550 3042 587 3084 et.
603 3040 642 3091 (Τ.
657 3043 676 3083 l.
694 3057 716 3096 p.
739 3043 811 3097 ast).
842 3036 961 3084 Arainon.
975 3043 995 3084 1.
1010 3041 1034 3085 3.
1049 3041 1070 3082 2.
1093 3044 1170 3089 Dion.
1190 3048 1236 3090 erc.

144 3125 196 3166 Lib.
211 3125 231 3165 l.
247 3139 266 3166 r.
282 3123 319 3166 23.
336 3123 386 3165 Lib.
403 3125 449 3167 IV.
464 3138 484 3166 c.
500 3121 590 3176 25.('1·.
607 3126 627 3166 I.
643 3137 665 3176 p.
681 3124 709 3165 26
724 3139 756 3177 sq.
778 3125 815 3165 Cf.
831 3137 852 3176 p.
868 3123 940 3176 271.)

173 3203 222 3258 (95)
240 3206 317 3248 Curru.
333 3207 412 3246 senx.
429 3204 484 3247 Coh.
499 3205 551 3246 adv.
566 3204 648 3246 Gentes
668 3219 690 3258 p.
710 3204 747 3246 63.
770 3205 801 3246 al.
821 3206 857 3245 te.
897 3200 910 3240 ll
924 3188 1049 3260 lellssss
1093 3189 1239 3264 ἱεροφάν-

145 3289 194 3338 της
220 3273 268 3322 καὶ
290 3267 411 3335 ποιητής
434 3264 526 3336 ὰμα.”

173 3365 221 3424 (96)
238 3369 322 3409 Eume.
339 3367 425 3407 Alcest.
446 3379 480 3407 vs.
496 3367 539 3408 968
561 3380 610 3420 sqq.
634 3343 709 3404 Oddi
737 3369 764 3402 τι
783 3367 934 3421 φαρμακον
957 3347 1106 3422 &privatim
1130 3351 1164 3404 ἐν
1183 3375 1238 3408 σα-

142 3434 223 3499 νίσι,
249 3430 300 3492 τάς
321 3432 439 3502 Ὀρφεία
458 3429 618 3504 κατέγραψε
637 3426 755 3504 γῆρυς·”
789 3448 824 3489 Ad
845 3449 884 3490 has
905 3448 971 3489 etiam
992 3454 1077 3501 spectat
1095 3449 1237 3496 scholiastes

141 3531 165 3572 iu
176 3532 300 3573 Eunrrrurs
315 3530 403 3570 Hecub.
418 3543 452 3570 vs.
470 3527 542 3578 1267,
555 3530 630 3572 dicens
645 3529 668 3570 iu
682 3530 767 3570 Haemo
780 3543 826 3570 esse
838 3543 861 3570 aa
871 3560 878 3579 ,
894 3543 950 3582 quae
970 3528 1060 3582 scripsit
1082 3529 1197 3584 Orpheus
1213 3536 1237 3577 in

141 3612 241 3661 tabulis,
255 3612 281 3652 tle
296 3612 377 3663 quibus
392 3614 456 3664 po'e'ta
469 3611 493 3653 in
506 3612 619 3653 Alcestide
633 3611 743 3664 loquitur.

174 3692 222 3748 (97)
239 3694 326 3734 Tzzra.
341 3693 401 3734 Chil.
418 3695 452 3736 11.
466 3694 518 3737 867.
768 3692 815 3749 (98)
831 3694 898 3735 Pam.
915 3693 967 3736 Lib.
982 3693 1059 3737 XXV.
1075 3706 1096 3736 e.
1114 3693 1137 3737 2.

174 3778 221 3830 (99)
239 3779 367 3819 Eusrosru.
384 3779 494 3820 Cutastrr.
511 3775 546 3818 24.
578 3779 646 3819 bron.
664 3777 709 3819 Str.
726 3776 776 3818 Lib.
792 3777 835 3819 IV.
851 3789 871 3816 c.
887 3777 923 3818 le.
939 3775 976 3827 (T.
988 3775 1008 3816 l.
1024 3791 1046 3829 p.
1063 3775 1138 3830 m).
1158 3780 1234 3824 Pius,

143 3862 186 3903 IX.
202 3859 239 3901 30.
256 3861 372 3901 Arouioi.
390 3859 465 3900 Rnon.
480 3861 564 3914 Argon.
580 3862 599 3902 l.
615 3860 642 3902 23
658 3874 706 3912 sqq.

172 3943 321 3996 (100)·Ρικυ.
336 3941 404 3996 ryth.
421 3943 463 3983 lv.
481 3941 523 3983 313
538 3957 570 3995 sq.
592 3945 711 3985 Arocccn.
728 3944 748 3984 1.
762 3943 784 3984 3.
807 3941 835 4012 2.Ι
860 3944 989 3984 Ensrosrn.
1012 3942 1098 3983 estest.
1127 3942 1166 3987 24.
1192 3947 1237 3989 Cf.

142 4026 216 4067 Schol.
232 4024 286 4066 inl.
302 4037 322 4063 c.
341 4024 452 4064 munim.
