<?xml version="1.0" encoding="UTF-8"?>
<!DOCTYPE html PUBLIC "-//W3C//DTD XHTML 1.0 Transitional//EN"
    "http://www.w3.org/TR/xhtml1/DTD/xhtml1-transitional.dtd">
<html xmlns="http://www.w3.org/1999/xhtml" xml:lang="en" lang="en">
 <head>
  <title>
</title>
<meta http-equiv="Content-Type" content="text/html;charset=utf-8" />
  <meta name='ocr-system' content='tesseract 3.04.00' />
  <meta name='ocr-capabilities' content='ocr_page ocr_carea ocr_par ocr_line ocrx_word'/>
</head>
<body>
  <div class='ocr_page' id='page_1' title='image "./dissertatiohist00sijbgoog_0109.png"; bbox 0 0 2754 4710; ppageno 0'>
   <div class='ocr_carea' id='block_1_1' title="bbox 665 455 863 514">
    <p class='ocr_par' dir='ltr' id='par_1_1' title="bbox 665 455 863 514">
     <span class='ocr_line' id='line_1_1' title="bbox 665 455 863 514; baseline 0.01 -16"><span class='ocrx_word' id='word_1_1' title='bbox 665 455 863 514; x_wconf 61' lang='lat'><strong>„92-</strong></span> 
     </span>
    </p>
   </div>
   <div class='ocr_carea' id='block_1_2' title="bbox 211 613 1368 3203">
    <p class='ocr_par' dir='ltr' id='par_1_2' title="bbox 211 613 1368 3203">
     <span class='ocr_line' id='line_1_2' title="bbox 211 613 1297 696; baseline 0.003 -23"><span class='ocrx_word' id='word_1_2' title='bbox 211 625 279 674; x_wconf 88' lang='lat' dir='ltr'><strong>rent</strong></span> <span class='ocrx_word' id='word_1_3' title='bbox 307 613 396 693; x_wconf 81' lang='lat'><strong>(39),</strong></span> <span class='ocrx_word' id='word_1_4' title='bbox 428 632 553 694; x_wconf 88' lang='lat' dir='ltr'><strong>eamque</strong></span> <span class='ocrx_word' id='word_1_5' title='bbox 573 615 610 673; x_wconf 93' lang='lat' dir='ltr'><strong>ob</strong></span> <span class='ocrx_word' id='word_1_6' title='bbox 630 637 762 675; x_wconf 85' lang='lat' dir='ltr'>caussam</span> <span class='ocrx_word' id='word_1_7' title='bbox 782 617 863 678; x_wconf 88' lang='lat' dir='ltr'><strong>inter</strong></span> <span class='ocrx_word' id='word_1_8' title='bbox 883 638 1027 693; x_wconf 89' lang='lat' dir='ltr'><strong>coenam,</strong></span> <span class='ocrx_word' id='word_1_9' title='bbox 1049 617 1171 696; x_wconf 88' lang='lat' dir='ltr'><strong>quando</strong></span> <span class='ocrx_word' id='word_1_10' title='bbox 1193 638 1297 678; x_wconf 67' lang='lat' dir='ltr'><strong>meraa</strong></span> 
     </span>
     <span class='ocr_line' id='line_1_3' title="bbox 212 718 1298 807; baseline 0.005 -31"><span class='ocrx_word' id='word_1_11' title='bbox 212 739 280 807; x_wconf 85' lang='lat' dir='ltr'><strong>cum</strong></span> <span class='ocrx_word' id='word_1_12' title='bbox 315 718 452 778; x_wconf 88' lang='lat' dir='ltr'><strong>omnibus</strong></span> <span class='ocrx_word' id='word_1_13' title='bbox 482 719 701 799; x_wconf 83' lang='lat' dir='ltr'><strong>porrigeretur,</strong></span> <span class='ocrx_word' id='word_1_14' title='bbox 737 722 853 782; x_wconf 89' lang='lat' dir='ltr'><strong>Baccho</strong></span> <span class='ocrx_word' id='word_1_15' title='bbox 881 723 1148 802; x_wconf 84' lang='lat' dir='ltr'><strong>Agatbodaemonis</strong></span> <span class='ocrx_word' id='word_1_16' title='bbox 1169 724 1298 783; x_wconf 90' lang='lat' dir='ltr'><strong>nomine</strong></span> 
     </span>
     <span class='ocr_line' id='line_1_4' title="bbox 211 809 1303 906; baseline 0.003 -24"><span class='ocrx_word' id='word_1_17' title='bbox 211 825 367 900; x_wconf 88' lang='lat' dir='ltr'><strong>invocato,</strong></span> <span class='ocrx_word' id='word_1_18' title='bbox 386 847 462 904; x_wconf 89' lang='lat' dir='ltr'><strong>aqua</strong></span> <span class='ocrx_word' id='word_1_19' title='bbox 483 847 599 887; x_wconf 89' lang='lat' dir='ltr'><strong>merum</strong></span> <span class='ocrx_word' id='word_1_20' title='bbox 620 809 899 906; x_wconf 84' lang='lat' dir='ltr'><strong>contemperarent,</strong></span> <span class='ocrx_word' id='word_1_21' title='bbox 923 827 1098 887; x_wconf 86' lang='lat' dir='ltr'><strong>concludere</strong></span> <span class='ocrx_word' id='word_1_22' title='bbox 1116 827 1189 885; x_wconf 91' lang='lat' dir='ltr'><strong>licet</strong></span> <span class='ocrx_word' id='word_1_23' title='bbox 1198 873 1208 904; x_wconf 93' lang='lat'><strong>,</strong></span> <span class='ocrx_word' id='word_1_24' title='bbox 1236 846 1303 887; x_wconf 90' lang='lat' dir='ltr'><strong>non</strong></span> 
     </span>
     <span class='ocr_line' id='line_1_5' title="bbox 213 931 1301 1010; baseline 0.002 -22"><span class='ocrx_word' id='word_1_25' title='bbox 213 950 344 1009; x_wconf 82' lang='lat' dir='ltr'><strong>semper,</strong></span> <span class='ocrx_word' id='word_1_26' title='bbox 372 932 424 1010; x_wconf 82' lang='lat' dir='ltr'><strong>ubi</strong></span> <span class='ocrx_word' id='word_1_27' title='bbox 442 931 576 991; x_wconf 86' lang='lat' dir='ltr'><strong>Bacchus</strong></span> <span class='ocrx_word' id='word_1_28' title='bbox 591 931 703 990; x_wconf 74' lang='lat' dir='ltr'><strong>sarsoris</strong></span> <span class='ocrx_word' id='word_1_29' title='bbox 722 940 826 990; x_wconf 82' lang='lat' dir='ltr'><strong>auctor</strong></span> <span class='ocrx_word' id='word_1_30' title='bbox 850 933 1036 1008; x_wconf 81' lang='lat' dir='ltr'><strong>habebatur,</strong></span> <span class='ocrx_word' id='word_1_31' title='bbox 1053 932 1187 991; x_wconf 89' lang='lat' dir='ltr'><strong>furorem</strong></span> <span class='ocrx_word' id='word_1_32' title='bbox 1204 933 1301 991; x_wconf 85' lang='lat' dir='ltr'><strong>istum</strong></span> 
     </span>
     <span class='ocr_line' id='line_1_6' title="bbox 212 1035 1302 1115; baseline 0.001 -22"><span class='ocrx_word' id='word_1_33' title='bbox 212 1037 277 1093; x_wconf 91' lang='lat' dir='ltr'><strong>Deo</strong></span> <span class='ocrx_word' id='word_1_34' title='bbox 287 1035 366 1095; x_wconf 89' lang='lat' dir='ltr'><strong>irato</strong></span> <span class='ocrx_word' id='word_1_35' title='bbox 375 1035 464 1096; x_wconf 83' lang='lat' dir='ltr'><strong>fuisse</strong></span> <span class='ocrx_word' id='word_1_36' title='bbox 479 1036 671 1115; x_wconf 86' lang='lat' dir='ltr'><strong>adscriptum.</strong></span> <span class='ocrx_word' id='word_1_37' title='bbox 712 1035 788 1097; x_wconf 87' lang='lat' dir='ltr'><strong>Nam</strong></span> <span class='ocrx_word' id='word_1_38' title='bbox 810 1056 903 1114; x_wconf 89' lang='lat' dir='ltr'><strong>quum</strong></span> <span class='ocrx_word' id='word_1_39' title='bbox 921 1056 948 1094; x_wconf 85' lang='lat' dir='ltr'><strong>v.</strong></span> <span class='ocrx_word' id='word_1_40' title='bbox 969 1057 996 1096; x_wconf 90' lang='lat' dir='ltr'><strong>c.</strong></span> <span class='ocrx_word' id='word_1_41' title='bbox 1018 1035 1185 1108; x_wconf 82' lang='lat' dir='ltr'><strong>Pentheus,</strong></span> <span class='ocrx_word' id='word_1_42' title='bbox 1212 1035 1302 1105; x_wconf 86' lang='lat' dir='ltr'><strong>The-¹</strong></span> 
     </span>
     <span class='ocr_line' id='line_1_7' title="bbox 211 1139 1299 1218; baseline 0.001 -22"><span class='ocrx_word' id='word_1_43' title='bbox 211 1139 316 1198; x_wconf 89' lang='lat' dir='ltr'><strong>barum</strong></span> <span class='ocrx_word' id='word_1_44' title='bbox 334 1160 408 1215; x_wconf 88' lang='lat' dir='ltr'><strong>rex,</strong></span> <span class='ocrx_word' id='word_1_45' title='bbox 431 1140 539 1200; x_wconf 87' lang='lat' dir='ltr'><strong>Bacchi</strong></span> <span class='ocrx_word' id='word_1_46' title='bbox 567 1140 683 1199; x_wconf 89' lang='lat' dir='ltr'><strong>cultum</strong></span> <span class='ocrx_word' id='word_1_47' title='bbox 704 1139 866 1218; x_wconf 86' lang='lat' dir='ltr'><strong>prohibere</strong></span> <span class='ocrx_word' id='word_1_48' title='bbox 886 1139 1049 1215; x_wconf 87' lang='lat' dir='ltr'><strong>voluisset,</strong></span> <span class='ocrx_word' id='word_1_49' title='bbox 1065 1159 1132 1199; x_wconf 89' lang='lat' dir='ltr'><strong>non</strong></span> <span class='ocrx_word' id='word_1_50' title='bbox 1154 1139 1215 1218; x_wconf 83' lang='lat' dir='ltr'><strong>ipsi</strong></span> <span class='ocrx_word' id='word_1_51' title='bbox 1235 1140 1299 1197; x_wconf 89' lang='lat' dir='ltr'><strong>im-</strong></span> 
     </span>
     <span class='ocr_line' id='line_1_8' title="bbox 212 1230 1293 1323; baseline 0.003 -23"><span class='ocrx_word' id='word_1_52' title='bbox 212 1243 295 1301; x_wconf 84' lang='lat' dir='ltr'><strong>misit</strong></span> <span class='ocrx_word' id='word_1_53' title='bbox 312 1243 444 1302; x_wconf 84' lang='lat' dir='ltr'><strong>furorem</strong></span> <span class='ocrx_word' id='word_1_54' title='bbox 466 1246 545 1302; x_wconf 90' lang='lat' dir='ltr'><strong>Deus</strong></span> <span class='ocrx_word' id='word_1_55' title='bbox 565 1244 680 1319; x_wconf 86' lang='lat' dir='ltr'><strong>iratus,</strong></span> <span class='ocrx_word' id='word_1_56' title='bbox 700 1243 750 1302; x_wconf 91' lang='lat' dir='ltr'><strong>sed</strong></span> <span class='ocrx_word' id='word_1_57' title='bbox 771 1230 863 1303; x_wconf 85' lang='lat' dir='ltr'><strong>matri</strong></span> <span class='ocrx_word' id='word_1_58' title='bbox 889 1246 1069 1323; x_wconf 85' lang='lat' dir='ltr'><strong>caeterisque</strong></span> <span class='ocrx_word' id='word_1_59' title='bbox 1092 1243 1293 1320; x_wconf 81' lang='lat' dir='ltr'><strong>mulieribus,</strong></span> 
     </span>
     <span class='ocr_line' id='line_1_9' title="bbox 213 1347 1298 1428; baseline 0.002 -24"><span class='ocrx_word' id='word_1_60' title='bbox 213 1368 288 1425; x_wconf 85' lang='lat' dir='ltr'><strong>qnae</strong></span> <span class='ocrx_word' id='word_1_61' title='bbox 312 1349 492 1407; x_wconf 79' lang='lat' dir='ltr'><strong>bacchantes</strong></span> <span class='ocrx_word' id='word_1_62' title='bbox 516 1368 614 1427; x_wconf 83' lang='lat' dir='ltr'><strong>regem</strong></span> <span class='ocrx_word' id='word_1_63' title='bbox 634 1348 808 1408; x_wconf 84' lang='lat' dir='ltr'><strong>dilacerasse</strong></span> <span class='ocrx_word' id='word_1_64' title='bbox 826 1349 1006 1408; x_wconf 76' lang='lat' dir='ltr'><strong>dicebantur</strong></span> <span class='ocrx_word' id='word_1_65' title='bbox 1025 1347 1102 1428; x_wconf 76' lang='lat'><strong>(²10).</strong></span> <span class='ocrx_word' id='word_1_66' title='bbox 1147 1349 1206 1407; x_wconf 89' lang='lat' dir='ltr'><strong>Dei</strong></span> <span class='ocrx_word' id='word_1_67' title='bbox 1231 1348 1298 1407; x_wconf 90' lang='lat' dir='ltr'><strong>irae</strong></span> 
     </span>
     <span class='ocr_line' id='line_1_10' title="bbox 211 1449 1294 1533; baseline 0.004 -25"><span class='ocrx_word' id='word_1_68' title='bbox 211 1452 311 1528; x_wconf 89' lang='lat' dir='ltr'><strong>potius</strong></span> <span class='ocrx_word' id='word_1_69' title='bbox 338 1449 558 1510; x_wconf 85' lang='lat' dir='ltr'><strong>attribuebatur</strong></span> <span class='ocrx_word' id='word_1_70' title='bbox 585 1452 722 1511; x_wconf 86' lang='lat' dir='ltr'><strong>ebrietati</strong></span> <span class='ocrx_word' id='word_1_71' title='bbox 743 1454 902 1533; x_wconf 83' lang='lat' dir='ltr'><strong>persimilis</strong></span> <span class='ocrx_word' id='word_1_72' title='bbox 930 1454 1016 1511; x_wconf 85' lang='lat' dir='ltr'><strong>furor</strong></span> <span class='ocrx_word' id='word_1_73' title='bbox 1047 1453 1294 1532; x_wconf 80' lang='lat' dir='ltr'><strong>Calydoniorum,</strong></span> 
     </span>
     <span class='ocr_line' id='line_1_11' title="bbox 213 1555 1294 1637; baseline 0.003 -23"><span class='ocrx_word' id='word_1_74' title='bbox 213 1577 250 1616; x_wconf 79' lang='lat' dir='ltr'><strong>ex</strong></span> <span class='ocrx_word' id='word_1_75' title='bbox 272 1573 331 1636; x_wconf 87' lang='lat' dir='ltr'><strong>qno</strong></span> <span class='ocrx_word' id='word_1_76' title='bbox 355 1557 493 1616; x_wconf 88' lang='lat' dir='ltr'><strong>vesaniae</strong></span> <span class='ocrx_word' id='word_1_77' title='bbox 510 1557 613 1617; x_wconf 87' lang='lat' dir='ltr'><strong>morbo</strong></span> <span class='ocrx_word' id='word_1_78' title='bbox 629 1558 730 1637; x_wconf 90' lang='lat' dir='ltr'><strong>plures</strong></span> <span class='ocrx_word' id='word_1_79' title='bbox 750 1557 948 1628; x_wconf 86' lang='lat' dir='ltr'><strong>interierunt,</strong></span> <span class='ocrx_word' id='word_1_80' title='bbox 976 1576 1066 1636; x_wconf 82' lang='lat' dir='ltr'><strong>quern</strong></span> <span class='ocrx_word' id='word_1_81' title='bbox 1084 1555 1131 1614; x_wconf 87' lang='lat' dir='ltr'><strong>his</strong></span> <span class='ocrx_word' id='word_1_82' title='bbox 1152 1555 1294 1617; x_wconf 88' lang='lat' dir='ltr'><strong>intulisse</strong></span> 
     </span>
     <span class='ocr_line' id='line_1_12' title="bbox 212 1659 1294 1740; baseline 0.004 -22"><span class='ocrx_word' id='word_1_83' title='bbox 212 1659 386 1718; x_wconf 88' lang='lat' dir='ltr'><strong>credebatur</strong></span> <span class='ocrx_word' id='word_1_84' title='bbox 413 1660 562 1737; x_wconf 88' lang='lat' dir='ltr'><strong>Bacchus,</strong></span> <span class='ocrx_word' id='word_1_85' title='bbox 594 1662 666 1740; x_wconf 90' lang='lat' dir='ltr'><strong>quia</strong></span> <span class='ocrx_word' id='word_1_86' title='bbox 696 1661 831 1721; x_wconf 84' lang='lat' dir='ltr'><strong>sacerdos</strong></span> <span class='ocrx_word' id='word_1_87' title='bbox 852 1661 946 1740; x_wconf 84' lang='lat' dir='ltr'><strong>ipsius</strong></span> <span class='ocrx_word' id='word_1_88' title='bbox 970 1661 1096 1720; x_wconf 85' lang='lat' dir='ltr'><strong>Coresus</strong></span> <span class='ocrx_word' id='word_1_89' title='bbox 1120 1661 1294 1722; x_wconf 69' lang='lat' dir='ltr'><strong>Callirhoen</strong></span> 
     </span>
     <span class='ocr_line' id='line_1_13' title="bbox 211 1764 1368 1846; baseline 0.001 -24"><span class='ocrx_word' id='word_1_90' title='bbox 211 1765 377 1844; x_wconf 84' lang='lat' dir='ltr'><strong>virginem,</strong></span> <span class='ocrx_word' id='word_1_91' title='bbox 406 1767 492 1843; x_wconf 87' lang='lat' dir='ltr'><strong>cujus</strong></span> <span class='ocrx_word' id='word_1_92' title='bbox 525 1785 627 1824; x_wconf 86' lang='lat' dir='ltr'><strong>amore</strong></span> <span class='ocrx_word' id='word_1_93' title='bbox 654 1764 816 1846; x_wconf 79' lang='lat' dir='ltr'><strong>flagrabat,</strong></span> <span class='ocrx_word' id='word_1_94' title='bbox 848 1785 902 1823; x_wconf 90' lang='lat' dir='ltr'><strong>neo</strong></span> <span class='ocrx_word' id='word_1_95' title='bbox 923 1764 1060 1843; x_wconf 87' lang='lat' dir='ltr'><strong>precibus</strong></span> <span class='ocrx_word' id='word_1_96' title='bbox 1084 1785 1139 1823; x_wconf 91' lang='lat' dir='ltr'><strong>nec</strong></span> <span class='ocrx_word' id='word_1_97' title='bbox 1156 1765 1295 1823; x_wconf 87' lang='lat' dir='ltr'><strong>muneri-</strong></span> <span class='ocrx_word' id='word_1_98' title='bbox 1365 1783 1368 1791; x_wconf 86' lang='grc'><strong><em>’</em></strong></span> 
     </span>
     <span class='ocr_line' id='line_1_14' title="bbox 211 1869 1292 1952; baseline 0.001 -23"><span class='ocrx_word' id='word_1_99' title='bbox 211 1872 265 1931; x_wconf 91' lang='lat' dir='ltr'><strong>bus</strong></span> <span class='ocrx_word' id='word_1_100' title='bbox 287 1870 409 1932; x_wconf 89' lang='lat' dir='ltr'><strong>flectere</strong></span> <span class='ocrx_word' id='word_1_101' title='bbox 431 1881 570 1951; x_wconf 84' lang='lat' dir='ltr'><strong>potuerat</strong></span> <span class='ocrx_word' id='word_1_102' title='bbox 597 1870 675 1952; x_wconf 73' lang='lat' dir='ltr'><strong>(ll).</strong></span> <span class='ocrx_word' id='word_1_103' title='bbox 716 1870 795 1930; x_wconf 89' lang='lat' dir='ltr'><strong>Haec</strong></span> <span class='ocrx_word' id='word_1_104' title='bbox 820 1870 979 1928; x_wconf 88' lang='lat' dir='ltr'><strong>durissima</strong></span> <span class='ocrx_word' id='word_1_105' title='bbox 999 1889 1093 1949; x_wconf 88' lang='lat' dir='ltr'><strong>poena</strong></span> <span class='ocrx_word' id='word_1_106' title='bbox 1112 1869 1292 1930; x_wconf 80' lang='lat' dir='ltr'><strong>manifestis-</strong></span> 
     </span>
     <span class='ocr_line' id='line_1_15' title="bbox 212 1973 1295 2054; baseline -0.001 -20"><span class='ocrx_word' id='word_1_107' title='bbox 212 1977 285 2034; x_wconf 86' lang='lat' dir='ltr'><strong>sime</strong></span> <span class='ocrx_word' id='word_1_108' title='bbox 314 1975 438 2054; x_wconf 87' lang='lat' dir='ltr'><strong>probat,</strong></span> <span class='ocrx_word' id='word_1_109' title='bbox 469 1973 551 2054; x_wconf 89' lang='lat' dir='ltr'><strong>quod</strong></span> <span class='ocrx_word' id='word_1_110' title='bbox 577 1976 641 2053; x_wconf 87' lang='lat' dir='ltr'><strong>jam</strong></span> <span class='ocrx_word' id='word_1_111' title='bbox 671 1984 760 2033; x_wconf 87' lang='lat' dir='ltr'><strong>antea</strong></span> <span class='ocrx_word' id='word_1_112' title='bbox 781 1974 1023 2050; x_wconf 86' lang='lat' dir='ltr'><strong>observavimus,</strong></span> <span class='ocrx_word' id='word_1_113' title='bbox 1046 1975 1125 2031; x_wconf 87' lang='lat' dir='ltr'><strong>Deos</strong></span> <span class='ocrx_word' id='word_1_114' title='bbox 1144 1973 1295 2053; x_wconf 88' lang='lat' dir='ltr'><strong>imprimis</strong></span> 
     </span>
     <span class='ocr_line' id='line_1_16' title="bbox 211 2076 1296 2160; baseline 0 -22"><span class='ocrx_word' id='word_1_115' title='bbox 211 2080 339 2159; x_wconf 84' lang='lat' dir='ltr'><strong>injurias</strong></span> <span class='ocrx_word' id='word_1_116' title='bbox 362 2081 419 2140; x_wconf 88' lang='lat' dir='ltr'><strong>sibi</strong></span> <span class='ocrx_word' id='word_1_117' title='bbox 434 2081 534 2140; x_wconf 88' lang='lat' dir='ltr'><strong>suisve</strong></span> <span class='ocrx_word' id='word_1_118' title='bbox 553 2076 754 2142; x_wconf 84' lang='lat' dir='ltr'><strong>sacerdotibus</strong></span> <span class='ocrx_word' id='word_1_119' title='bbox 768 2079 867 2139; x_wconf 88' lang='lat' dir='ltr'><strong>illatas</strong></span> <span class='ocrx_word' id='word_1_120' title='bbox 890 2079 1008 2160; x_wconf 88' lang='lat' dir='ltr'><strong>punire,</strong></span> <span class='ocrx_word' id='word_1_121' title='bbox 1022 2077 1179 2137; x_wconf 90' lang='lat' dir='ltr'><strong>credidisse</strong></span> <span class='ocrx_word' id='word_1_122' title='bbox 1204 2078 1296 2138; x_wconf 89' lang='lat' dir='ltr'><strong>Grae·</strong></span> 
     </span>
     <span class='ocr_line' id='line_1_17' title="bbox 212 2182 1297 2264; baseline -0.003 -21"><span class='ocrx_word' id='word_1_123' title='bbox 212 2206 271 2244; x_wconf 86' lang='lat' dir='ltr'><strong>cos.</strong></span> <span class='ocrx_word' id='word_1_124' title='bbox 312 2184 410 2262; x_wconf 85' lang='lat' dir='ltr'><strong>Hujus</strong></span> <span class='ocrx_word' id='word_1_125' title='bbox 440 2195 582 2259; x_wconf 89' lang='lat' dir='ltr'><strong>naturae,</strong></span> <span class='ocrx_word' id='word_1_126' title='bbox 611 2185 685 2244; x_wconf 85' lang='lat' dir='ltr'><strong>licet</strong></span> <span class='ocrx_word' id='word_1_127' title='bbox 716 2184 809 2264; x_wconf 89' lang='lat' dir='ltr'><strong>magis</strong></span> <span class='ocrx_word' id='word_1_128' title='bbox 840 2202 909 2241; x_wconf 90' lang='lat' dir='ltr'><strong>cum</strong></span> <span class='ocrx_word' id='word_1_129' title='bbox 931 2182 1039 2241; x_wconf 90' lang='lat' dir='ltr'><strong>nostris</strong></span> <span class='ocrx_word' id='word_1_130' title='bbox 1055 2182 1092 2240; x_wconf 88' lang='lat' dir='ltr'><strong>de</strong></span> <span class='ocrx_word' id='word_1_131' title='bbox 1109 2182 1231 2258; x_wconf 88' lang='lat' dir='ltr'><strong>justitia</strong></span> <span class='ocrx_word' id='word_1_132' title='bbox 1248 2182 1297 2241; x_wconf 92' lang='lat' dir='ltr'><strong>di·</strong></span> 
     </span>
     <span class='ocr_line' id='line_1_18' title="bbox 214 2283 1298 2367; baseline -0.002 -21"><span class='ocrx_word' id='word_1_133' title='bbox 214 2287 286 2346; x_wconf 88' lang='lat' dir='ltr'><strong>vina</strong></span> <span class='ocrx_word' id='word_1_134' title='bbox 325 2287 519 2367; x_wconf 88' lang='lat' dir='ltr'><strong>opinionibus</strong></span> <span class='ocrx_word' id='word_1_135' title='bbox 552 2288 732 2363; x_wconf 86' lang='lat' dir='ltr'><strong>conveniat,</strong></span> <span class='ocrx_word' id='word_1_136' title='bbox 768 2296 832 2346; x_wconf 86' lang='lat' dir='ltr'><strong>erat</strong></span> <span class='ocrx_word' id='word_1_137' title='bbox 858 2285 948 2346; x_wconf 86' lang='lat' dir='ltr'><strong>etiam</strong></span> <span class='ocrx_word' id='word_1_138' title='bbox 976 2284 1180 2364; x_wconf 90' lang='lat' dir='ltr'><strong>supplicium,</strong></span> <span class='ocrx_word' id='word_1_139' title='bbox 1213 2283 1298 2364; x_wconf 90' lang='lat' dir='ltr'><strong>quod</strong></span> 
     </span>
     <span class='ocr_line' id='line_1_19' title="bbox 216 2389 1298 2477; baseline -0.002 -27"><span class='ocrx_word' id='word_1_140' title='bbox 216 2391 346 2451; x_wconf 87' lang='lat' dir='ltr'><strong>Bacchus</strong></span> <span class='ocrx_word' id='word_1_141' title='bbox 372 2391 486 2450; x_wconf 82' lang='lat' dir='ltr'><strong>inflixit</strong></span> <span class='ocrx_word' id='word_1_142' title='bbox 505 2392 604 2477; x_wconf 55' lang='lat'><strong>3¹15}</strong></span> <span class='ocrx_word' id='word_1_143' title='bbox 633 2391 707 2470; x_wconf 89' lang='lat' dir='ltr'><strong>qui,</strong></span> <span class='ocrx_word' id='word_1_144' title='bbox 727 2410 823 2469; x_wconf 88' lang='lat' dir='ltr'><strong>quum</strong></span> <span class='ocrx_word' id='word_1_145' title='bbox 843 2390 1041 2464; x_wconf 84' lang='lat' dir='ltr'><strong>Coronidem,</strong></span> <span class='ocrx_word' id='word_1_146' title='bbox 1066 2409 1156 2448; x_wconf 89' lang='lat' dir='ltr'><strong>unam</strong></span> <span class='ocrx_word' id='word_1_147' title='bbox 1174 2409 1212 2447; x_wconf 80' lang='lat' dir='ltr'><strong>ex</strong></span> <span class='ocrx_word' id='word_1_148' title='bbox 1235 2389 1298 2448; x_wconf 84' lang='lat' dir='ltr'><strong>foe-</strong></span> 
     </span>
     <span class='ocr_line' id='line_1_20' title="bbox 213 2494 1298 2574; baseline 0.004 -21"><span class='ocrx_word' id='word_1_149' title='bbox 213 2495 305 2553; x_wconf 88' lang='lat' dir='ltr'><strong>minis</strong></span> <span class='ocrx_word' id='word_1_150' title='bbox 327 2495 409 2573; x_wconf 85' lang='lat' dir='ltr'><strong>0rgia</strong></span> <span class='ocrx_word' id='word_1_151' title='bbox 438 2494 663 2569; x_wconf 85' lang='lat' dir='ltr'><strong>celebrantibus,</strong></span> <span class='ocrx_word' id='word_1_152' title='bbox 686 2504 804 2574; x_wconf 87' lang='lat' dir='ltr'><strong>raptum</strong></span> <span class='ocrx_word' id='word_1_153' title='bbox 830 2496 863 2553; x_wconf 91' lang='lat' dir='ltr'><strong>in</strong></span> <span class='ocrx_word' id='word_1_154' title='bbox 890 2496 1080 2574; x_wconf 84' lang='lat' dir='ltr'><strong>complexum</strong></span> <span class='ocrx_word' id='word_1_155' title='bbox 1106 2495 1212 2555; x_wconf 86' lang='lat' dir='ltr'><strong>venire</strong></span> <span class='ocrx_word' id='word_1_156' title='bbox 1228 2503 1298 2557; x_wconf 72' lang='lat' dir='ltr'><strong>coe-</strong></span> 
     </span>
     <span class='ocr_line' id='line_1_21' title="bbox 212 2586 1296 2679; baseline 0.002 -22"><span class='ocrx_word' id='word_1_157' title='bbox 212 2601 318 2679; x_wconf 86' lang='lat' dir='ltr'><strong>gisset,</strong></span> <span class='ocrx_word' id='word_1_158' title='bbox 348 2599 449 2658; x_wconf 85' lang='lat' dir='ltr'><strong>surore</strong></span> <span class='ocrx_word' id='word_1_159' title='bbox 479 2586 717 2678; x_wconf 87' lang='lat' dir='ltr'><strong>corripiebatur,</strong></span> <span class='ocrx_word' id='word_1_160' title='bbox 746 2599 820 2659; x_wconf 89' lang='lat' dir='ltr'><strong>adeo</strong></span> <span class='ocrx_word' id='word_1_161' title='bbox 853 2610 887 2659; x_wconf 89' lang='lat' dir='ltr'><strong>ut</strong></span> <span class='ocrx_word' id='word_1_162' title='bbox 916 2610 1010 2660; x_wconf 87' lang='lat' dir='ltr'><strong>semet</strong></span> <span class='ocrx_word' id='word_1_163' title='bbox 1028 2601 1092 2679; x_wconf 87' lang='lat' dir='ltr'><strong>ipse</strong></span> <span class='ocrx_word' id='word_1_164' title='bbox 1113 2600 1146 2658; x_wconf 90' lang='lat' dir='ltr'><strong>in</strong></span> <span class='ocrx_word' id='word_1_165' title='bbox 1167 2608 1296 2678; x_wconf 88' lang='lat' dir='ltr'><strong>puteum</strong></span> 
     </span>
     <span class='ocr_line' id='line_1_22' title="bbox 212 2702 1301 2790; baseline 0.002 -30"><span class='ocrx_word' id='word_1_166' title='bbox 212 2703 354 2790; x_wconf 73' lang='lat' dir='ltr'><strong>deiiceret</strong></span> <span class='ocrx_word' id='word_1_167' title='bbox 373 2702 451 2784; x_wconf 72' lang='lat'><strong>(²12).</strong></span> <span class='ocrx_word' id='word_1_168' title='bbox 493 2705 690 2782; x_wconf 83' lang='lat' dir='ltr'><strong>Apollodorus</strong></span> <span class='ocrx_word' id='word_1_169' title='bbox 710 2715 821 2778; x_wconf 88' lang='lat' dir='ltr'><strong>antem,</strong></span> <span class='ocrx_word' id='word_1_170' title='bbox 840 2703 991 2763; x_wconf 87' lang='lat' dir='ltr'><strong>Bacchum</strong></span> <span class='ocrx_word' id='word_1_171' title='bbox 1013 2705 1160 2783; x_wconf 83' lang='lat' dir='ltr'><strong>insaniam</strong></span> <span class='ocrx_word' id='word_1_172' title='bbox 1185 2703 1226 2773; x_wconf 78' lang='lat' dir='ltr'><strong>iis</strong></span> <span class='ocrx_word' id='word_1_173' title='bbox 1242 2704 1301 2764; x_wconf 90' lang='lat' dir='ltr'><strong>eti-</strong></span> 
     </span>
     <span class='ocr_line' id='line_1_23' title="bbox 213 2808 1301 2891; baseline 0.003 -24"><span class='ocrx_word' id='word_1_174' title='bbox 213 2810 462 2883; x_wconf 73' lang='lat' dir='ltr'><strong>arm-immisisse,</strong></span> <span class='ocrx_word' id='word_1_175' title='bbox 491 2811 545 2888; x_wconf 86' lang='lat' dir='ltr'><strong>qui</strong></span> <span class='ocrx_word' id='word_1_176' title='bbox 575 2810 690 2868; x_wconf 87' lang='lat' dir='ltr'><strong>cultum</strong></span> <span class='ocrx_word' id='word_1_177' title='bbox 708 2831 796 2868; x_wconf 89' lang='lat' dir='ltr'><strong>suum</strong></span> <span class='ocrx_word' id='word_1_178' title='bbox 813 2810 864 2868; x_wconf 84' lang='lat' dir='ltr'><strong>uel</strong></span> <span class='ocrx_word' id='word_1_179' title='bbox 883 2821 976 2868; x_wconf 88' lang='lat' dir='ltr'><strong>semet</strong></span> <span class='ocrx_word' id='word_1_180' title='bbox 996 2808 1301 2891; x_wconf 18' lang='lat' dir='ltr'><strong>ipsum&#39;vilipendis-</strong></span> 
     </span>
     <span class='ocr_line' id='line_1_24' title="bbox 214 2913 1301 2993; baseline -0.002 -17"><span class='ocrx_word' id='word_1_181' title='bbox 214 2925 296 2991; x_wconf 87' lang='lat' dir='ltr'><strong>sent,</strong></span> <span class='ocrx_word' id='word_1_182' title='bbox 317 2915 411 2974; x_wconf 85' lang='lat' dir='ltr'><strong>variis</strong></span> <span class='ocrx_word' id='word_1_183' title='bbox 428 2913 497 2973; x_wconf 87' lang='lat' dir='ltr'><strong>locis</strong></span> <span class='ocrx_word' id='word_1_184' title='bbox 514 2924 638 2992; x_wconf 83' lang='lat' dir='ltr'><strong>narrat,</strong></span> <span class='ocrx_word' id='word_1_185' title='bbox 660 2934 736 2992; x_wconf 90' lang='lat' dir='ltr'><strong>quae</strong></span> <span class='ocrx_word' id='word_1_186' title='bbox 756 2915 946 2973; x_wconf 86' lang='lat' dir='ltr'><strong>narrationes</strong></span> <span class='ocrx_word' id='word_1_187' title='bbox 970 2915 1041 2974; x_wconf 91' lang='lat' dir='ltr'><strong>licet</strong></span> <span class='ocrx_word' id='word_1_188' title='bbox 1058 2915 1094 2973; x_wconf 91' lang='lat' dir='ltr'><strong>de</strong></span> <span class='ocrx_word' id='word_1_189' title='bbox 1113 2915 1301 2993; x_wconf 88' lang='lat' dir='ltr'><strong>temporibus</strong></span> 
     </span>
     <span class='ocr_line' id='line_1_25' title="bbox 213 3019 1304 3099; baseline 0 -19"><span class='ocrx_word' id='word_1_190' title='bbox 213 3021 352 3080; x_wconf 87' lang='lat' dir='ltr'><strong>fabulosis</strong></span> <span class='ocrx_word' id='word_1_191' title='bbox 379 3030 483 3098; x_wconf 84' lang='lat' dir='ltr'><strong>agant,</strong></span> <span class='ocrx_word' id='word_1_192' title='bbox 522 3028 620 3076; x_wconf 86' lang='lat' dir='ltr'><strong>tamen</strong></span> <span class='ocrx_word' id='word_1_193' title='bbox 653 3019 718 3078; x_wconf 89' lang='lat' dir='ltr'><strong>ideo</strong></span> <span class='ocrx_word' id='word_1_194' title='bbox 748 3020 831 3077; x_wconf 89' lang='lat' dir='ltr'><strong>nobis</strong></span> <span class='ocrx_word' id='word_1_195' title='bbox 863 3030 933 3079; x_wconf 88' lang='lat' dir='ltr'><strong>sunt</strong></span> <span class='ocrx_word' id='word_1_196' title='bbox 964 3020 1125 3095; x_wconf 87' lang='lat' dir='ltr'><strong>momenti,</strong></span> <span class='ocrx_word' id='word_1_197' title='bbox 1156 3020 1231 3099; x_wconf 87' lang='lat' dir='ltr'><strong>quia</strong></span> <span class='ocrx_word' id='word_1_198' title='bbox 1266 3022 1304 3080; x_wconf 92' lang='lat' dir='ltr'><strong>de</strong></span> 
     </span>
     <span class='ocr_line' id='line_1_26' title="bbox 214 3123 1301 3203; baseline 0 -19"><span class='ocrx_word' id='word_1_199' title='bbox 214 3126 397 3186; x_wconf 87' lang='lat' dir='ltr'><strong>Graecorum</strong></span> <span class='ocrx_word' id='word_1_200' title='bbox 414 3125 472 3185; x_wconf 90' lang='lat' dir='ltr'><strong>bac</strong></span> <span class='ocrx_word' id='word_1_201' title='bbox 492 3123 529 3182; x_wconf 91' lang='lat' dir='ltr'><strong>de</strong></span> <span class='ocrx_word' id='word_1_202' title='bbox 548 3143 580 3182; x_wconf 88' lang='lat' dir='ltr'><strong>re</strong></span> <span class='ocrx_word' id='word_1_203' title='bbox 596 3124 789 3203; x_wconf 88' lang='lat' dir='ltr'><strong>opinionibus</strong></span> <span class='ocrx_word' id='word_1_204' title='bbox 810 3124 981 3183; x_wconf 88' lang='lat' dir='ltr'><strong>testimonia</strong></span> <span class='ocrx_word' id='word_1_205' title='bbox 1005 3123 1139 3183; x_wconf 90' lang='lat' dir='ltr'><strong>tradunt.</strong></span> <span class='ocrx_word' id='word_1_206' title='bbox 1183 3126 1301 3184; x_wconf 89' lang='lat' dir='ltr'><strong>Secun-</strong></span> 
     </span>
    </p>
   </div>
   <div class='ocr_carea' id='block_1_3' title="bbox 191 3363 1302 3533">
    <p class='ocr_par' dir='ltr' id='par_1_3' title="bbox 191 3363 1302 3533">
     <span class='ocr_line' id='line_1_27' title="bbox 191 3363 1302 3450; baseline -0.005 -13"><span class='ocrx_word' id='word_1_207' title='bbox 191 3395 196 3407; x_wconf 90' lang='lat'><strong>·</strong></span> <span class='ocrx_word' id='word_1_208' title='bbox 244 3393 293 3450; x_wconf 80' lang='lat' dir='ltr'><strong>(ss)</strong></span> <span class='ocrx_word' id='word_1_209' title='bbox 314 3395 385 3438; x_wconf 73' lang='lat' dir='ltr'><strong>mon.</strong></span> <span class='ocrx_word' id='word_1_210' title='bbox 408 3395 454 3437; x_wconf 67' lang='lat' dir='ltr'><strong>sm.</strong></span> <span class='ocrx_word' id='word_1_211' title='bbox 477 3394 529 3437; x_wconf 78' lang='lat' dir='ltr'><strong>ass.</strong></span> <span class='ocrx_word' id='word_1_212' title='bbox 545 3395 666 3440; x_wconf 82' lang='lat' dir='ltr'><strong>1v.c.3.</strong></span> <span class='ocrx_word' id='word_1_213' title='bbox 683 3395 758 3447; x_wconf 74' lang='lat' dir='ltr'><strong>(rom.</strong></span> <span class='ocrx_word' id='word_1_214' title='bbox 774 3391 793 3436; x_wconf 92' lang='lat'><strong>1.</strong></span> <span class='ocrx_word' id='word_1_215' title='bbox 810 3407 832 3447; x_wconf 75' lang='lat' dir='ltr'><strong>p.</strong></span> <span class='ocrx_word' id='word_1_216' title='bbox 849 3392 910 3447; x_wconf 66' lang='lat' dir='ltr'><strong>saep</strong></span> <span class='ocrx_word' id='word_1_217' title='bbox 942 3370 1018 3428; x_wconf 75' lang='grc' dir='ltr'><strong>»τὸν</strong></span> <span class='ocrx_word' id='word_1_218' title='bbox 1047 3366 1099 3443; x_wconf 78' lang='grc' dir='ltr'><strong>μὲν</strong></span> <span class='ocrx_word' id='word_1_219' title='bbox 1126 3370 1180 3446; x_wconf 76' lang='grc' dir='ltr'><strong>γάρ</strong></span> <span class='ocrx_word' id='word_1_220' title='bbox 1216 3363 1302 3427; x_wconf 77' lang='grc' dir='ltr'><strong><em>οἶνον</em></strong></span> 
     </span>
     <span class='ocr_line' id='line_1_28' title="bbox 217 3448 1300 3533; baseline 0.002 -21"><span class='ocrx_word' id='word_1_221' title='bbox 217 3457 340 3533; x_wconf 77' lang='grc' dir='ltr'><strong><em>ἄκρατον</em></strong></span> <span class='ocrx_word' id='word_1_222' title='bbox 373 3460 531 3530; x_wconf 78' lang='grc' dir='ltr'><strong><em>πινόμενον</em></strong></span> <span class='ocrx_word' id='word_1_223' title='bbox 560 3455 718 3530; x_wconf 75' lang='grc' dir='ltr'><strong><em>μανιώδεις</em></strong></span> <span class='ocrx_word' id='word_1_224' title='bbox 745 3455 899 3518; x_wconf 72' lang='grc' dir='ltr'><strong><em>διαθέσεις</em></strong></span> <span class='ocrx_word' id='word_1_225' title='bbox 927 3448 1112 3513; x_wconf 77' lang='grc' dir='ltr'><strong><em>ἀποιελεῐν.”</em></strong></span> <span class='ocrx_word' id='word_1_226' title='bbox 1144 3470 1204 3511; x_wconf 78' lang='lat' dir='ltr'><strong>Hinc</strong></span> <span class='ocrx_word' id='word_1_227' title='bbox 1228 3471 1300 3514; x_wconf 78' lang='lat' dir='ltr'><strong>attam</strong></span> 
     </span>
    </p>
   </div>
   <div class='ocr_carea' id='block_1_4' title="bbox 215 3550 1301 3780">
    <p class='ocr_par' dir='ltr' id='par_1_4' title="bbox 215 3550 1301 3780">
     <span class='ocr_line' id='line_1_29' title="bbox 215 3550 1301 3612; baseline -0.006 -12"><span class='ocrx_word' id='word_1_228' title='bbox 215 3559 317 3600; x_wconf 79' lang='lat' dir='ltr'><strong>furorem</strong></span> <span class='ocrx_word' id='word_1_229' title='bbox 330 3559 451 3606; x_wconf 89' lang='lat' dir='ltr'><strong>morbum,</strong></span> <span class='ocrx_word' id='word_1_230' title='bbox 467 3571 558 3612; x_wconf 81' lang='lat' dir='ltr'><strong>quorex</strong></span> <span class='ocrx_word' id='word_1_231' title='bbox 572 3558 700 3599; x_wconf 85' lang='lat' dir='ltr'><strong>Cleomenes</strong></span> <span class='ocrx_word' id='word_1_232' title='bbox 717 3563 766 3599; x_wconf 85' lang='lat' dir='ltr'><strong>erat</strong></span> <span class='ocrx_word' id='word_1_233' title='bbox 779 3553 952 3605; x_wconf 81' lang='lat' dir='ltr'><strong>affectus,mori</strong></span> <span class='ocrx_word' id='word_1_234' title='bbox 966 3552 1014 3608; x_wconf 84' lang='lat' dir='ltr'><strong>ejus</strong></span> <span class='ocrx_word' id='word_1_235' title='bbox 1028 3567 1055 3601; x_wconf 65' lang='lat' dir='ltr'><strong>ea</strong></span> <span class='ocrx_word' id='word_1_236' title='bbox 1070 3550 1232 3592; x_wconf 85' lang='lat' dir='ltr'><strong>cousuetudine</strong></span> <span class='ocrx_word' id='word_1_237' title='bbox 1246 3565 1301 3594; x_wconf 83' lang='lat' dir='ltr'><strong>cum</strong></span> 
     </span>
     <span class='ocr_line' id='line_1_30' title="bbox 216 3634 1301 3695; baseline -0.006 -13"><span class='ocrx_word' id='word_1_238' title='bbox 216 3639 307 3695; x_wconf 68' lang='lat' dir='ltr'><strong>scythis</strong></span> <span class='ocrx_word' id='word_1_239' title='bbox 327 3646 457 3689; x_wconf 80' lang='lat' dir='ltr'><strong>contracto,</strong></span> <span class='ocrx_word' id='word_1_240' title='bbox 472 3652 559 3682; x_wconf 86' lang='lat' dir='ltr'><strong>merum</strong></span> <span class='ocrx_word' id='word_1_241' title='bbox 574 3639 665 3682; x_wconf 85' lang='lat' dir='ltr'><strong>bibendi</strong></span> <span class='ocrx_word' id='word_1_242' title='bbox 678 3639 846 3693; x_wconf 82' lang='lat' dir='ltr'><strong>adscripserunt</strong></span> <span class='ocrx_word' id='word_1_243' title='bbox 861 3638 963 3690; x_wconf 66' lang='lat' dir='ltr'><strong>(Hauon.</strong></span> <span class='ocrx_word' id='word_1_244' title='bbox 980 3637 1031 3691; x_wconf 73' lang='lat' dir='ltr'><strong>le·</strong></span> <span class='ocrx_word' id='word_1_245' title='bbox 1053 3636 1132 3681; x_wconf 84' lang='lat' dir='ltr'><strong>v1.c.</strong></span> <span class='ocrx_word' id='word_1_246' title='bbox 1149 3636 1188 3677; x_wconf 73' lang='lat'><strong>84.</strong></span> <span class='ocrx_word' id='word_1_247' title='bbox 1204 3635 1245 3677; x_wconf 81' lang='lat' dir='ltr'><strong>ef.</strong></span> <span class='ocrx_word' id='word_1_248' title='bbox 1263 3634 1301 3679; x_wconf 84' lang='lat'><strong>75.</strong></span> 
     </span>
     <span class='ocr_line' id='line_1_31' title="bbox 217 3722 329 3780; baseline 0.009 -18"><span class='ocrx_word' id='word_1_249' title='bbox 217 3722 241 3764; x_wconf 90' lang='lat' dir='ltr'><strong>in</strong></span> <span class='ocrx_word' id='word_1_250' title='bbox 256 3722 329 3780; x_wconf 58' lang='lat' dir='ltr'><strong>fine).</strong></span> 
     </span>
    </p>
   </div>
   <div class='ocr_carea' id='block_1_5' title="bbox 217 3796 1301 4110">
    <p class='ocr_par' dir='ltr' id='par_1_5' title="bbox 217 3796 1301 3933">
     <span class='ocr_line' id='line_1_32' title="bbox 247 3796 1301 3860; baseline -0.006 -14"><span class='ocrx_word' id='word_1_251' title='bbox 247 3802 295 3860; x_wconf 82' lang='lat'>(40)</span> <span class='ocrx_word' id='word_1_252' title='bbox 318 3804 435 3847; x_wconf 67' lang='lat' dir='ltr'><strong>assason.</strong></span> <span class='ocrx_word' id='word_1_253' title='bbox 453 3807 505 3848; x_wconf 91' lang='lat'>.111.</span> <span class='ocrx_word' id='word_1_254' title='bbox 528 3803 549 3848; x_wconf 87' lang='lat'><strong>5.</strong></span> <span class='ocrx_word' id='word_1_255' title='bbox 566 3805 587 3848; x_wconf 82' lang='lat'><strong>2.</strong></span> <span class='ocrx_word' id='word_1_256' title='bbox 604 3804 641 3847; x_wconf 74' lang='lat' dir='ltr'><strong>Cf.</strong></span> <span class='ocrx_word' id='word_1_257' title='bbox 658 3806 741 3847; x_wconf 71' lang='lat' dir='ltr'><strong>Eunus.</strong></span> <span class='ocrx_word' id='word_1_258' title='bbox 756 3804 839 3846; x_wconf 87' lang='lat' dir='ltr'><strong>Bacch.</strong></span> <span class='ocrx_word' id='word_1_259' title='bbox 858 3801 921 3844; x_wconf 81' lang='lat'>1029.</span> <span class='ocrx_word' id='word_1_260' title='bbox 938 3814 986 3853; x_wconf 86' lang='lat' dir='ltr'><strong>sqq.</strong></span> <span class='ocrx_word' id='word_1_261' title='bbox 1003 3798 1080 3843; x_wconf 75' lang='lat' dir='ltr'><strong>Noas.</strong></span> <span class='ocrx_word' id='word_1_262' title='bbox 1094 3798 1191 3854; x_wconf 77' lang='lat' dir='ltr'><strong>Dionys.</strong></span> <span class='ocrx_word' id='word_1_263' title='bbox 1207 3796 1301 3843; x_wconf 73' lang='lat' dir='ltr'>XLIV.</span> 
     </span>
     <span class='ocr_line' id='line_1_33' title="bbox 217 3887 1297 3933; baseline -0.006 -4"><span class='ocrx_word' id='word_1_264' title='bbox 217 3887 309 3933; x_wconf 83' lang='lat' dir='ltr'><strong>XLVI.</strong></span> <span class='ocrx_word' id='word_1_265' title='bbox 1293 3889 1297 3895; x_wconf 84' lang='grc'><strong>’</strong></span> 
     </span>
    </p>

    <p class='ocr_par' dir='ltr' id='par_1_6' title="bbox 249 3968 697 4033">
     <span class='ocr_line' id='line_1_34' title="bbox 249 3968 697 4033; baseline -0.007 -18"><span class='ocrx_word' id='word_1_266' title='bbox 249 3968 297 4025; x_wconf 78' lang='lat' dir='ltr'><strong>(tl)</strong></span> <span class='ocrx_word' id='word_1_267' title='bbox 312 3972 380 4015; x_wconf 67' lang='lat' dir='ltr'><strong>Plus.</strong></span> <span class='ocrx_word' id='word_1_268' title='bbox 397 3972 456 4017; x_wconf 90' lang='lat' dir='ltr'>v11.</span> <span class='ocrx_word' id='word_1_269' title='bbox 471 3987 491 4015; x_wconf 84' lang='lat' dir='ltr'><strong>c.</strong></span> <span class='ocrx_word' id='word_1_270' title='bbox 508 3972 544 4014; x_wconf 87' lang='lat'><strong>21.</strong></span> <span class='ocrx_word' id='word_1_271' title='bbox 693 4011 697 4033; x_wconf 54' lang='grc'>1</span> 
     </span>
    </p>

    <p class='ocr_par' dir='ltr' id='par_1_7' title="bbox 248 4047 968 4110">
     <span class='ocr_line' id='line_1_35' title="bbox 248 4047 968 4110; baseline -0.008 -13"><span class='ocrx_word' id='word_1_272' title='bbox 248 4050 296 4110; x_wconf 79' lang='lat'>(42)</span> <span class='ocrx_word' id='word_1_273' title='bbox 311 4054 382 4100; x_wconf 80' lang='lat' dir='ltr'><strong>Dran.</strong></span> <span class='ocrx_word' id='word_1_274' title='bbox 398 4053 443 4096; x_wconf 72' lang='lat' dir='ltr'><strong>sn.</strong></span> <span class='ocrx_word' id='word_1_275' title='bbox 458 4053 509 4096; x_wconf 92' lang='lat' dir='ltr'><strong>Lib.</strong></span> <span class='ocrx_word' id='word_1_276' title='bbox 525 4054 557 4098; x_wconf 81' lang='lat' dir='ltr'><strong>V.</strong></span> <span class='ocrx_word' id='word_1_277' title='bbox 572 4067 594 4096; x_wconf 89' lang='lat' dir='ltr'><strong>c.</strong></span> <span class='ocrx_word' id='word_1_278' title='bbox 610 4049 647 4096; x_wconf 85' lang='lat'><strong>⁵0.</strong></span> <span class='ocrx_word' id='word_1_279' title='bbox 663 4048 738 4103; x_wconf 75' lang='lat' dir='ltr'><strong>t&#39;l&#39;om.</strong></span> <span class='ocrx_word' id='word_1_280' title='bbox 748 4052 768 4094; x_wconf 84' lang='lat'><strong>1.</strong></span> <span class='ocrx_word' id='word_1_281' title='bbox 784 4065 806 4107; x_wconf 78' lang='lat' dir='ltr'><strong>p.</strong></span> <span class='ocrx_word' id='word_1_282' title='bbox 822 4047 968 4104; x_wconf 68' lang='lat' dir='ltr'><strong>dihwrss.)</strong></span> 
     </span>
    </p>
   </div>
   <div class='ocr_carea' id='block_1_6' title="bbox 0 0 1386 4710">
    <p class='ocr_par' dir='ltr' id='par_1_8' title="bbox 0 0 1386 4710">
     <span class='ocr_line' id='line_1_36' title="bbox 0 0 1386 4710; baseline 0 0"><span class='ocrx_word' id='word_1_283' title='bbox 0 0 1386 4710; x_wconf 95' lang='lat' dir='ltr'><strong> </strong></span> 
     </span>
    </p>
   </div>
  </div>
 </body>
</html>
