2754 4710
574 463 773 521 ...7⁵1-

125 620 207 701 [uin
236 626 320 676 tanta
343 619 422 697 apud
443 619 494 677 hos
514 631 577 678 erat
596 623 774 682 cadaverum
795 624 976 702 impuritas,
1013 633 1064 697 ut,
1098 624 1123 681 si
1149 622 1215 700 quis

125 745 213 783 ocus
239 726 303 781 Deo
322 723 415 783 alieni
427 743 498 801 prae
520 718 643 785 caeteris
660 738 725 787 erat
741 748 845 803 sacer,
866 728 908 787 ibi
925 736 1056 786 mortuos
1080 728 1214 807 sepelire,

125 839 181 886 tut
213 846 346 884 cremare
372 839 447 885 esset
475 829 556 888 riefas
577 829 655 910 (47).
697 832 780 891 Hanc
802 833 1006 908 impuritatem
1027 838 1122 911 quum
1136 833 1217 891 acci-

125 941 240 1008 ¹:erent
251 976 260 1005 ,
299 931 335 987 de
360 930 522 993 diaetetice'
544 933 659 992 ratione
684 935 829 996 videntur
854 957 916 994 nou
946 937 1107 1016 cogitasse,
1138 937 1218 1014 quod

125 1036 163 1095 le
203 1033 324 1093 Graecis
365 1044 444 1093 certe
482 1047 584 1115 aperte
620 1049 742 1098 constat.
796 1040 1006 1120 Legislatorem
1037 1041 1219 1100 Hebraicum

125 1141 258 1219 itaque,
308 1159 401 1218 quum
441 1141 506 1221 (IV.
535 1143 603 1201 ldos.
633 1143 716 1202 XlX.
750 1142 819 1223 112)
846 1144 979 1204 diceret:
1024 1163 1037 1204 u
1048 1144 1101 1223 qui
1137 1165 1219 1226 rnor-

125 1260 221 1303 :uum
243 1242 335 1302 ullius
355 1242 517 1304 animantis
535 1245 667 1305 hominis
684 1248 836 1326 tetigerit,
859 1247 930 1306 inde
942 1257 1054 1326 septem
1071 1247 1134 1306 dies
1156 1229 1221 1326 pol·

125 1358 212 1407 ‚utus
249 1347 352 1423 erit,''
385 1368 448 1408 non
475 1349 546 1408 novi
574 1350 691 1429 aliquid
723 1351 908 1428 instituisse,
940 1351 990 1410 sed
1005 1352 1104 1430 potius
1126 1350 1219 1409 ritum

125 1450 350 1530 perantiquum
370 1471 522 1528 servasse,
542 1454 691 1532 probabile
710 1467 776 1532 est,
799 1466 933 1537 tempore
951 1455 1135 1535 impuritatis
1152 1465 1221 1513 tan-

125 1555 291 1615 tummodo
313 1555 496 1634 prolongato.
540 1559 588 1616 An
607 1578 681 1627 vero
696 1560 790 1618 hicde
807 1558 963 1618 diaetetica
982 1559 1110 1638 quadam
1128 1557 1219 1635 hujus
1262 1599 1265 1602 >

125 1660 204 1740 legis
232 1660 364 1719 utilitate
382 1661 575 1740 cogitaverit,
596 1663 682 1722 dictu
699 1673 743 1721 est
761 1663 898 1736 difficile3
919 1662 976 1721 hoc
992 1672 1094 1722 tamen
1102 1671 1217 1721 certum
1283 1700 1286 1707 -

125 1765 273 1834 videtur,
303 1765 397 1843 legem
426 1765 619 1843 symbolicam
636 1768 786 1846 quandam
806 1767 1054 1846 significationem
1071 1767 1216 1842 habuisse,

125 1889 227 1950 quam
253 1868 291 1925 ob
314 1888 377 1926 rem
398 1868 489 1927 etiam
509 1880 571 1928 tam
589 1879 724 1929 accurate
744 1871 885 1929 describit
904 1870 1056 1949 legislator
1076 1869 1216 1929 sacrifici-

125 1995 183 2032 um
202 1971 374 2052 piaculare,
388 2052 392 2057 ι
407 1984 468 2050 qua
500 1973 615 2031 ratione
635 1972 767 2034 Jehovae
786 1973 905 2034 deberet
924 1972 1025 2032 offerri
1034 1998 1049 2048 ,·
1065 1973 1217 2053 dicitque,

125 2100 196 2148 eos,
222 2077 276 2156 qui
305 2076 395 2134 tertio
415 2076 543 2134 dienon
562 2076 677 2155 expiati
694 2075 820 2134 fuissent
831 2121 839 2151 ,
861 2087 927 2154 post
953 2072 1115 2156 septimum
1134 2076 1217 2134 diem

125 2184 269 2262 impuros
289 2200 464 2254 remanere,
486 2180 560 2258 quin
577 2180 665 2239 etiam
682 2201 769 2254 eum,
794 2181 848 2262 qui
869 2202 974 2241 vaccae
995 2184 1108 2242 cineres
1128 2183 1218 2242 colle-

127 2289 246 2369 gisset,
265 2285 312 2343 ad
350 2305 505 2360 vesperam
537 2305 630 2365 usque
658 2285 812 2365 impurum
837 2306 909 2345 esse.
952 2285 1031 2345 Haeo
1057 2286 1219 2365 symbolica

125 2389 309 2472 significatio
325 2388 422 2469 qualis
441 2388 551 2462 luerit,
574 2389 715 2469 indagare
747 2410 809 2448 non
830 2398 967 2467 nostrum
986 2398 1031 2448 est
1050 2387 1137 2470 (²18),
1167 2389 1218 2448 sed

125 2494 299 2569 videamus,
322 2513 483 2572 quamnam
504 2493 665 2556 utilitatem
687 2494 761 2554 haec
777 2496 826 2556 lex
842 2494 982 2554 habuerit
1006 2494 1044 2552 ad
1072 2492 1220 2554 Hebraeo-

129 2622 204 2662 rum
237 2599 660 2683 sanitatempromovendam.
701 2601 890 2660 Cadaverum
910 2621 1033 2676 eorum,
1064 2599 1118 2678 qui
1138 2619 1219 2658 mor-

130 2709 173 2768 bo
203 2706 305 2785 aliquo
337 2708 505 2784 contagioso
524 2706 646 2765 fuerant
666 2705 778 2764 mortui
789 2751 798 2780 ,
830 2713 960 2763 attactus
977 2703 1141 2763 certissime
1164 2722 1220 2782 pe-

129 2810 266 2871 riculum
282 2806 439 2883 afferebat,
462 2827 499 2866 ne
532 2830 599 2867 oum
630 2808 696 2866 aliis
728 2807 807 2865 idem
835 2807 954 2865 morbus
981 2804 1221 2864 communicare-

125 2925 204 2984 tur,
225 2909 387 2987 impuritas
416 2920 516 2968 autem
532 2931 585 2988 per
613 2920 723 2988 septem
757 2909 819 2968 dies
850 2910 981 2983 durans,
1002 2927 1138 2987 quaeque
1158 2927 1220 2965 non

136 3015 199 3075 nisi
218 3013 330 3070 'multis
358 3013 552 3072 caeremoniis
582 3026 678 3093 posset
704 3015 802 3088 ablui,
836 3015 996 3107 effidehpt,
1030 3024 1065 3073 ut
1098 2996 1218 3088 omnes,

135 3117 195 3178 nisi
226 3115 332 3194 quibus
364 3117 532 3194 sepulturae
552 3138 624 3187 cura
656 3127 731 3176 esset
751 3116 880 3192 tradita,
911 3138 929 3173 a
959 3126 1146 3175 mortuorum
1176 3125 1222 3174 at-

137 3233 220 3283 tactu
251 3221 444 3281 abstinerent.
485 3221 525 3280 Et
556 3234 650 3300 qun'm
679 3223 853 3306 quicunque·
879 3221 1046 3280 tentorium
1077 3220 1219 3300 aliquod,

138 3328 170 3386 in
183 3347 243 3407 quo
257 3336 391 3384 mortuus
400 3324 467 3404 quis
476 3316 561 3400 esset,
571 3320 721 3402 intrasset,
734 3344 787 3406 per
798 3334 910 3404 septem
921 3324 984 3382 dies
992 3333 1067 3384 esset
1077 3325 1217 3404 pollutus,

139 3431 285 3492 cadavera
304 3428 419 3488 diutius
435 3428 583 3508 insepulta
600 3440 661 3488 non
689 3437 896 3504 remanerent,
919 3449 1009 3508 quam
1030 3436 1105 3487 esset
1124 3447 1219 3507 opus,

140 3544 175 3593 ut
194 3533 282 3612 signa
310 3540 391 3601 certa
417 3530 522 3592 mortis
542 3532 714 3612 prodirent,
749 3550 826 3608 quae
846 3533 881 3591 in
900 3530 1004 3592 calidis
1025 3530 1073 3589 his
1092 3531 1222 3610 regioni-

141 3641 193 3702 bus
208 3639 332 3699 celerius
353 3658 413 3698 sese
433 3640 532 3717 palam
549 3639 716 3711 faciebant,
740 3658 830 3718 quam
846 3636 880 3694 iu
900 3635 1072 3714 temperatis
1092 3635 1220 3723 nostris,

158 3749 434 3766 θ

173 3797 221 3851 (47)
244 3797 280 3838 De
301 3795 377 3837 insula
396 3794 454 3836 Delo
473 3793 578 3848 Apollini
594 3806 657 3834 sacra
676 3789 707 3835 cs.
728 3806 752 3834 v
772 3787 1058 3841 c.s1mn0L1hx.p
1081 3788 1132 3832 744.
1152 3789 1180 3833 C.
1200 3795 1224 3830 et
1314 3797 1316 3801 ⁴

144 3879 293 3923 Teucrorum
312 3877 364 3920 Lib.
385 3877 431 3918 111.
452 3889 472 3916 c.
495 3876 550 3925 104,
573 3874 613 3928 qui
632 3875 656 3915 in
668 3874 710 3914 hac
723 3870 879 3914 insolentiam
892 3868 951 3909 mori
964 3843 1220 3926 (εναποθνησκεῦν)

147 3973 190 4002 esse
203 3959 267 4002 nefas
281 3957 345 3999 dicit.

175 4042 222 4098 (48)
245 4043 280 4083 De
299 4041 367 4081 hacce
386 4038 548 4107 significatione
561 4038 599 4083 Οἱ.
613 4039 708 4081 Parem
722 4036 740 4078 l.
760 4048 780 4076 o.
800 4047 824 4088 p.
847 4026 897 4078 132.
910 4038 933 4073 et
946 4031 981 4074 Cl.
996 4046 1041 4073 m
1056 4046 1103 4074 osu
1115 4033 1182 4075 Pam
1196 4031 1220 4073 iu

147 4133 220 4169 annot.
236 4125 260 4166 in
274 4123 345 4166 Num.
359 4123 425 4167 XIX.
441 4121 463 4164 2.
494 4122 570 4164 Etiam
583 4121 711 4163 Mrcmeus
724 4119 782 4162 Mos.
796 4117 862 4172 ngt.
878 4117 922 4162 IV.
937 4130 961 4170 Ρ.
977 4115 1029 4159 326.
