2754 4710
576 435 776 491 ..51-

135 603 241 651 crrrsta
267 591 396 672 quadam
421 601 549 652 secretae
576 591 754 656 substantiae
771 591 921 664 scbaceae,
944 593 1094 671 imprimis
1113 591 1146 650 io
1161 591 1218 649 lro·

139 699 273 757 minibus
290 696 475 772 immundis,
499 707 543 756 est
554 708 651 773 tecta,
673 708 702 757 et
718 700 751 757 in
771 709 835 772 qua·
851 694 1047 755 ulcerationes
1058 694 1145 755 facile
1156 696 1220 753 for-

142 813 273 863 mantur.
296 779 414 865 Er'odit.
424 799 512 860 Earle
524 801 600 888 (67),
610 823 639 861 se
657 822 774 886 semper
786 801 875 861 nimis
892 798 1013 881 longum
1028 801 1220 882 praeputium

142 908 253 967 vidisse
271 908 323 967 ait.
344 906 421 965 Sunt
438 917 538 966 tameo
551 907 642 967 etiam
660 928 761 978 rasus,
786 905 819 962 in
837 905 943 983 quibus
963 905 1020 964 hoc
1039 906 1150 964 vitium
1161 925 1221 963 non

141 1021 287 1089 tanquam
303 1010 470 1069 carcinoma
486 1020 663 1088 cotoneum,
686 1011 736 1078 sed
754 1031 793 1069 ex
808 1010 998 1070 induratione
1016 1010 1222 1088 scirrlrosapa-

143 1115 348 1198 renchymatis
364 1114 459 1194 ipsius
477 1116 560 1192 penis
583 1113 648 1195 (68)
669 1113 794 1193 initium
811 1115 899 1190 sacit3
921 1115 959 1172 ad
977 1137 1050 1195 quos
1073 1123 1131 1173 tres
1151 1114 1222 1173 illae

143 1219 364 1280 observationes
383 1217 577 1277 eruditissimi
593 1217 656 1298 Hey
666 1265 675 1294 ‚
691 1220 726 1277 in
748 1221 854 1298 quibus
874 1221 1007 1281 rediciva
1025 1221 1224 1281 snotinseon-

144 1334 191 1400 ta,
213 1324 366 1404 pertinere
388 1322 546 1392 videntur.¹
561 1323 592 1381 Si
610 1342 647 1381 ex
660 1323 816 1401 praeputio
832 1324 888 1384 hoc
908 1324 1076 1393 carcinoma
1094 1322 1223 1402 incipit,

145 1427 324 1506 plerumque
343 1423 405 1500 ejus
427 1424 596 1505 superficies
621 1425 740 1484 interna
761 1427 893 1506 primum
909 1428 1039 1488 afficitur
1057 1438 1087 1487 et
1103 1448 1158 1506 per
1177 1447 1226 1485 co-

146 1544 251 1590 ronam
273 1528 387 1609 glandis
409 1528 446 1586 ad
462 1529 558 1607 ipsam
574 1528 710 1608 glandem
733 1533 845 1592 malum
865 1534 993 1609 transit,
1014 1533 1087 1591 adeo
1106 1531 1226 1591 uthaec

147 1657 217 1695 sana
233 1633 366 1713 conspici
385 1633 473 1710 licet,
496 1634 635 1714 quamvis
659 1637 851 1715 praeputium
869 1638 1079 1696 excrescentiis
1095 1616 1227 1716 fungosis

148 1742 184 1802 sit
214 1742 371 1800 refertum.
417 1740 648 1828 Observationes
679 1740 878 1819 praeceptoris
902 1740 1153 1800 aestumatissimi,
1177 1741 1228 1799 Se-

149 1845 262 1905 bastian
282 1844 398 1924 optime
420 1865 488 1903 curn
510 1843 598 1902 dictis
616 1842 810 1904 conveniunt.
852 1844 917 1921 Ipse
940 1844 1056 1922 saepius
1073 1843 1228 1921 herpetem

148 1946 361 2028 praeputialem
378 1948 411 2006 io
428 1946 560 2026 phimosi
575 1940 673 2022 viditj
695 1947 772 2025 quin
792 1968 886 2006 nuum
898 1969 1017 2023 casum,
1038 1947 1072 2005 in
1088 1945 1229 2024 quoher-

149 2073 198 2132 pes
221 2050 371 2129 praeputii
404 2058 546 2128 tanquam
570 2051 670 2109 ulcera
698 2051 874 2128 syphilitica
890 2048 991 2111 sueiat
1010 2059 1170 2122 tractatus,
1193 2069 1229 2108 eo

135 2155 257 2221 eeffcctu
268 2184 280 2227 ,·
299 2165 335 2213 nt
348 2155 412 2231 jam
430 2155 647 2213 excrescentiae
664 2154 803 2234 fungosae
822 2166 941 2223 exortae
961 2165 1067 2219 essent.
1089 2154 1138 2214 Ex
1157 2175 1231 2212 ana·

153 2261 248 2333 moesi
265 2261 316 2320 vir
335 2260 523 2319 Clarissimus
543 2260 687 2336 confecit,
708 2282 768 2318 nou
790 2282 922 2320 caussam
940 2261 1160 2341 syphiliticam‚
1182 2259 1232 2318 sed

153 2364 305 2445 herpetem
337 2365 484 2440 adfuisse3
506 2366 628 2445 jamque
643 2386 713 2424 usus
740 2365 840 2423 localis
857 2365 972 2426 decocti
988 2365 1098 2426 >herbae
1117 2363 1231 2422 Malvae

152 2470 312 2550 perfectam
328 2469 512 2528 sanationem
532 2467 637 2528 effecit.
677 2469 716 2528 Et
739 2470 801 2529 huc
818 2470 909 2528 etiarn
922 2469 1074 2548 pertinere
1088 2466 1163 2528 mihi
1182 2467 1232 2527 vi-

154 2573 241 2633 detur
267 2573 419 2648 narratio,
451 2594 540 2652 quam
572 2593 608 2632 cx
630 2573 794 2653 bogiorum
815 2575 929 2634 marlico
951 2575 1083 2656 (Russel)
1103 2574 1135 2632 in
1157 2572 1232 2631 urbe

154 2675 246 2736 Haleb
274 2664 399 2754 degente
427 2669 697 2753 accepit'Niebuhr
720 2677 803 2758 (69),
836 2679 872 2738 de
898 2680 967 2738 viro
984 2680 1132 2759 quodam,
1155 2678 1230 2756 qui,

155 2800 250 2860 quum
270 2779 303 2836 in
331 2779 418 2838 India
441 2778 581 2836 orientali
608 2799 695 2856 agens
715 2801 780 2840 eam
799 2791 918 2841 tantum
937 2782 1117 2841 munditiem
1134 2781 1233 2840 obser-

154 2894 269 2958 vasset,
292 2903 381 2960 qnam
403 2882 435 2939 in
454 2881 593 2960 Europa,
616 2883 794 2960 quibusdam
815 2884 982 2943 tumoribus
1003 2885 1056 2943 sub
1071 2875 1177 2962 glande
1188 2891 1232 2943 est

152 2987 293 3059 affectus,
335 2983 441 3062 quibus
470 2983 615 3041 immunis
644 2980 851 3060 remansisset,
883 2989 907 3045 si
945 2987 1046 3045 suisset
1073 2986 1234 3044 circumci·
1267 3052 1270 3057 .

156 3115 216 3153 sus.
257 3091 302 3150 Ex
323 3089 403 3148 hisce
422 3098 516 3168 patet,
543 3088 696 3166 phimosin
708 3092 893 3168 congenitam
913 3092 1007 3149 solam
1026 3091 1157 3149 sufficere
1166 3089 1234 3147 abs-

156 3219 213 3279 qne
243 3196 304 3256 nlla
329 3215 451 3255 caussa.
462 3192 635 3273 syphilitica
662 3193 699 3251 ad
715 3214 855 3253 cancrum
877 3193 960 3271 penis
979 3192 1182 3267 efficiendum3
1204 3201 1236 3250 et

155 3304 231 3363 sorte
251 3302 287 3359 ad
309 3301 387 3359 hanc
404 3300 576 3358 morborum
604 3297 729 3376 speciem
750 3308 793 3359 est
812 3299 966 3358 reserenda
982 3299 1175 3370 carbuncula,
1198 3298 1235 3356 de
1279 3320 1281 3325 ·

157 3428 217 3489 qna
247 3406 429 3465 mentionem
458 3403 530 3462 facit
554 3401 649 3463 Philo.
692 3405 776 3463 Nunc
798 3404 875 3463 sorte
896 3404 963 3483 quis
983 3402 1112 3481 rogabit,
1134 3422 1173 3472 an
1195 3413 1236 3461 ex

158 3510 246 3570 hocce
272 3511 377 3569 morbo
403 3509 491 3569 locali
525 3530 604 3566 mors
635 3509 727 3588 possit
755 3509 845 3582 oriri,
869 3509 915 3566 nti
930 3509 964 3566 in
988 3528 1059 3567 casu
1083 3505 1235 3586 Apionis?

157 3618 340 3680 Clarissimus
370 3615 563 3695 Langenbeck
598 3615 810 3694 amputationis
831 3615 915 3694 penis
934 3612 1093 3692 prognosin
1110 3612 1237 3672 faustam

159 3721 246 3784 habet
256 3769 266 3798 ‚
287 3717 447 3780 dummodo
469 3719 870 3800 glandulacinguinalesnon
887 3718 948 3777 sint
963 3716 1138 3791 induratae3
1162 3736 1239 3795 quae
1319 3713 1339 3778 ,’

192 3981 240 4037 (68)
257 3972 458 4027 triennium.
473 3993 497 4042 ο.ι
507 3991 530 4032 p.
545 3957 596 4020 8i9.
643 3973 690 4033 (69)
708 3960 1145 4026 N1ssuns‚13eschretb.veneramen.
1162 3989 1184 4030 p.
1202 3973 1238 4015 77.
1269 3934 1292 4032 xi
1312 3953 1315 3957 .
1333 3973 1352 4041 '¹

1090 4057 1108 4114 [p
1121 4061 1136 4090 ’t

191 3901 237 3955 (67)
255 3898 335 3941 nors
356 3876 467 3953 Magon.
486 3897 544 3962 snei.
567 3895 600 3940 rs.
623 3894 689 3937 nere
706 3896 725 3937 1.
740 3910 763 3950 p.
778 3893 814 3936 21.
