2754 4710
585 421 781 478 ..ιῃω

141 581 384 640 exulcerationes
418 580 641 658 superficierum
656 627 665 653 ,
696 580 808 658 glandis
839 585 906 638 cuu'r
933 584 1088 660 praeputio
1107 605 1229 644 cancre.

144 687 264 760 tiones,
286 694 331 756 et,
356 684 379 742 si
403 682 600 742 inflammatio
626 692 670 742 est
686 685 767 742 acuti
789 686 920 764 generis,
945 706 1112 765 gangraena
1136 689 1231 767 partis
1302 689 1304 693 ’

142 789 278 862 alicujus
303 788 471 866 praeputii,
497 789 522 845 si
544 808 617 845 vero
648 787 787 847 chronici
816 790 948 868 generis,
971 791 1094 848 secretio
1114 791 1228 868 nimia,

143 893 292 952 continua
326 892 464 949 materiae
485 891 640 961 sabamae,
664 895 784 972 prurigo
803 895 946 971 molesta,
977 895 1071 953 rubor
1099 897 1232 974 erysipe-

142 999 261 1057 latosus
290 997 512 1076 superficierum
544 997 599 1056 sibi
634 997 897 1076 respondentium,
930 998 1082 1058 induratio
1100 1009 1129 1056 et
1146 992 1231 1056 intnss

145 1100 311 1161 mescentia
342 1101 493 1180 praeputii
520 1111 549 1159 et
571 1101 703 1181 denique
733 1101 824 1178 liujus
843 1102 945 1180 organi
968 1081 1082 1160 cancer.
1115 1095 1173 1187 ¹An
1194 1101 1231 1158 ad

147 1226 242 1264 uuam
260 1204 423 1263 alteramve
441 1204 550 1262 harum
572 1199 743 1263 morborum
761 1208 925 1285 specierum
950 1209 969 1280 ἡ
986 1209 1109 1272 ἑλκώσις
1137 1205 1231 1283 Apio-

146 1309 197 1368 nis
219 1308 259 1366 sit
289 1307 469 1365 reserenda'rl
512 1307 682 1386 Gang‘raena
714 1309 863 1388 praeputii
888 1331 957 1367 raro
981 1309 1075 1389 ipsam
1097 1308 1232 1388 glandem

136 1415 261 1489 'afficit,
284 1424 331 1488 et,
365 1423 522 1492 postquam
543 1423 641 1491 partes
670 1433 885 1492 gangraenosae
904 1424 974 1499 sunt
991 1423 1142 1487 remotae,
1165 1413 1233 1470 vul-

147 1540 223 1577 nera
242 1517 329 1576 facile
346 1524 506 1589 sanantur,
530 1517 588 1574 nisi
608 1517 706 1576 adsint
717 1518 969 1597 complicationes.
991 1519 1146 1578 interdum
1159 1539 1232 1596 gan-

151 1641 260 1700 graena
283 1631 343 1678 tam
364 1621 422 1677 late
443 1621 554 1697 serpit,
580 1631 613 1679 ut
634 1622 837 1698 amputatione
851 1623 935 1701 penis
954 1644 1028 1701 opus
1047 1624 1096 1682 sit.
1141 1625 1232 1697 llaec,

152 1725 177 1784 si
191 1771 199 1799 ,
212 1724 257 1782 uti
271 1723 446 1803 plerumque
460 1723 511 1796 fit,
531 1743 699 1801 gangraena
709 1724 761 1782 illa
771 1727 885 1785 obtinet
896 1729 928 1786 in
941 1727 1063 1785 homine
1075 1728 1196 1786 robusto
1205 1735 1236 1784 et

152 1829 338 1908 plethorico:
362 1837 393 1885 at
410 1829 435 1886 si
462 1847 498 1886 ex
526 1827 678 1887 umilitate
696 1830 815 1913 pritur,
837 1831 976 1909 graviora
996 1831 1137 1890 accidunt
1158 1828 1236 1911 (59).

156 1936 259 2007 Talem
277 1916 469 2014 gangraenam
487 1934 600 2014 absque
619 1937 754 2015 contagio
764 1935 1030 2013 syphiliticoposse
1040 1936 1136 2009 oriri,
1156 1934 1235 1991 idem

150 2040 214 2118 jam
233 2039 348 2118 saepius
371 2038 507 2098 laudatus
522 2038 565 2095 ait
585 2039 733 2097 Cullerier
756 2040 835 2120 (60).
878 2041 910 2099 Si
933 2041 1035 2119 itaque
1057 2040 1154 2119 Apion
1167 2060 1236 2098 cum

157 2143 285 2224 phimosi
304 2143 394 2201 talem
415 2140 544 2199 debilem
566 2141 704 2205 habuerit
729 2145 994 2218 constitutionem,
1016 2165 1055 2202 ex
1072 2165 1237 2224 gangraena

159 2248 309 2329 praeputii
328 2263 462 2306 mortuus
492 2267 553 2305 esse
582 2257 687 2326 potest.
729 2247 788 2313 Sed
813 2255 857 2304 est
878 2247 987 2320 etiam,
1009 2269 1062 2304 cur
1083 2247 1237 2305 credamus

160 2352 282 2432 Apionis
303 2356 426 2412 ἑλκώσιν
447 2361 478 2410 et
496 2350 713 2430 Aegyptiorum
735 2353 867 2429 ἁνθρακα
885 2350 1130 2411 suissecanornm
1143 2351 1240 2431 penis.

160 2459 225 2518 Jam
247 2459 348 2517 Celsus
372 2457 440 2537 (61)
457 2455 645 2526 observavit,
669 2463 810 2519 aestatem
820 2456 933 2514 efficere
957 2477 1096 2528 cancros,
1121 2457 1155 2514 in
1175 2477 1240 2516 cae-

161 2564 231 2623 teris
257 2562 381 2643 quidem
408 2561 557 2639 partibus,
579 2558 628 2618 sed
649 2558 779 2617 maxime
798 2560 966 2635 obscoenis,
989 2570 1019 2618 et
1038 2561 1240 2620 recentiorum
1259 2617 1262 2623 ,

161 2665 376 2725 observationes
395 2662 511 2722 abunde
532 2662 715 2741 probarunt,
739 2683 882 2750 cancrum
902 2662 986 2741 penis
1010 2683 1047 2722 ex
1058 2663 1145 2723 locali
1153 2656 1241 2748 caus-

162 2788 191 2831 'sa
211 2774 389 2853 plerumque
414 2769 498 2827 oriri.
551 2771 618 2827 Jarn
647 2768 697 2827 vir
725 2770 946 2829 eruditissimus
972 2772 1060 2830 Roux
1078 2771 1241 2850 suspicatus
1299 2788 1303 2795 ·

161 2875 256 2935 luerat
286 2872 437 2952 phimosin
466 2891 526 2928 esse
559 2872 700 2942 caussam
724 2872 1001 2950 praedisponentem
1033 2875 1240 2932 carcinomatis

162 2980 254 3058 penis.
296 2978 361 3054 lpse
385 2974 428 3032 bis
455 2994 559 3052 penem
587 2983 709 3052 propter
737 2975 936 3032 talevitium
964 2996 1033 3033 cnm
1060 2964 1242 3054 amputasset

116 3126 125 3139 .
163 3095 190 3143 et
210 3080 413 3162 operationem
431 3078 521 3137 semel
539 3099 557 3136 a
580 3078 694 3155 Boyero
712 3076 882 3134 institutam
901 3076 1041 3150 vidisset,
1065 3078 1100 3135 iu
1121 3077 1168 3135 his
1185 3078 1243 3135 tri-

163 3184 214 3247 bus
230 3184 344 3244 casibus
361 3180 511 3260 phimosin
529 3181 717 3261 congenitam
735 3179 923 3258 antecessisse
947 3177 1032 3259 (621,
1054 3200 1171 3238 caussas
1186 3200 1241 3238 au·
1303 3227 1312 3235 .,

165 3296 222 3348 tem
252 3284 450 3348 occasionales
478 3272 609 3358 easdem,
634 3303 707 3361 quas
731 3280 844 3359 accepit
877 3280 1042 3360 Cullerier,
1065 3283 1241 3344 observave-

156 3420 386 3440 W

195 3469 242 3526 (59)
259 3471 413 3515 Caranusca,
434 3463 493 3506 lbid.
1150 3522 1154 3529 .

175 3536 243 3607 'troi
260 3552 360 3597 nurus.
375 3552 397 3593 a.
412 3550 448 3591 sc.
462 3545 523 3588 usa
538 3546 604 3586 rom.
625 3541 738 3584 xxiux.
752 3555 775 3596 p.
797 3537 848 3582 271.
867 3537 966 3593 „nepus
986 3539 1008 3579 a
1027 3538 1079 3594 pus
1097 3538 1165 3579 saure
1184 3537 1242 3578 ana·

164 3635 226 3689 uuirt
238 3638 261 3678 la
273 3631 384 3690 gangrena
397 3632 435 3672 des
447 3628 530 3685 parties
543 3618 650 3682 genitalis
662 3624 757 3680 regnant
771 3613 974 3677 ‹lpidlmiq'uement
991 3635 1004 3661 a
1023 3608 1058 3662 'as
1070 3617 1174 3662 observes
1188 3620 1242 3662 dans

156 3708 196 3760 »les
208 3731 263 3772 pays
277 3713 360 3755 chands
372 3712 424 3752 chez
437 3711 469 3751 les
478 3709 629 3764 ‘populations
642 3722 686 3762 peu
699 3706 823 3761 saigneuses
837 3705 863 3745 de
874 3704 897 3744 la
911 3701 1042 3757 propretc.’¹

155 3810 158 3817 ·
197 3797 244 3854 (61)
262 3798 361 3841 Crassus,
378 3792 430 3832 Lib.
447 3791 516 3833 11.c.
536 3789 555 3831 1.
573 3803 596 3844 p.
613 3789 651 3833 33.
667 3789 701 3831 ed.
718 3789 823 3830 Taucsa.

197 3875 244 3934 (62)
260 3876 281 3918 Α
294 3874 417 3916 Narrativc
430 3871 455 3912 of
465 3885 478 3912 a
491 3871 591 3925 Journey
611 3877 634 3911 to
646 3870 739 3913 Lundon
757 3869 782 3911 in
803 3867 874 3916 1814,
893 3867 923 3921 by
942 3866 985 3910 Pu.
1006 3866 1027 3910 J.
1049 3865 1126 3920 Ronxss.
1153 3861 1184 3906 fr.
1206 3864 1243 3906 the
1284 3930 1287 3938 Ι

165 3950 263 4002 French.
280 3956 397 4003 Laneion,
414 3952 477 3994 1816.
495 3966 517 4006 p.
533 3950 584 3993 261.

1108 4030 1120 4056 1.
