2754 4710
575 467 794 528 -122'-

144 626 284 687 caecitate
308 647 422 686 sanasse
449 628 605 690 dicebatur
624 628 814 705 Phoenicem,
833 628 930 688 filium
955 630 1127 709 Amyntoris
1147 622 1213 710 (69).

145 731 267 810 Optime
300 751 390 808 vero,
415 732 521 811 quanti
537 732 602 809 ejus
621 731 695 791 artis
715 731 847 792 medicae
865 730 973 811 peritia
996 733 1208 800 aestimaretur.

144 847 228 915 patet
249 821 286 896 ex
314 857 440 896 numero
466 836 701 918 discipulorum,
731 858 808 917 quos
834 838 871 895 ab
891 837 945 896 illo
963 837 1103 897 educatos
1116 836 1217 917 perhi-

145 941 272 999 buerunt
309 952 425 999 veteres
457 921 898 1025 (7013'qu0squeipse,cum
928 951 1043 1001 caetera
1073 963 1126 1017 ea,
1150 962 1219 1022 quac

144 1042 181 1102 ad
198 1045 288 1120 hujus
311 1046 454 1124 temporis
475 1045 673 1104 eruditionem
686 1039 1032 1124 pertinuissevidentnr,
1055 1046 1220 1104 tumeliam

144 1149 324 1208 medicinam
351 1146 487 1208 docuisse
518 1148 671 1208 dicebatur
703 1149 789 1232 (71),
822 1152 895 1209 adeo
925 1162 959 1210 ut
982 1150 1167 1211 Scholiastes
1187 1151 1223 1208 ad

143 1253 305 1332 discipulos
320 1252 385 1329 ejus
403 1253 495 1311 etiam
515 1252 652 1312 iasonem
672 1254 818 1326 reserens,
843 1255 924 1314 hunc
946 1255 983 1312 ab
1004 1257 1068 1334 ipso
1092 1256 1224 1314 sanando

143 1377 254 1416 nomen
280 1356 442 1434 accepisse,
465 1355 545 1415 dicat
566 1355 644 1436 (72).
685 1359 889 1438 Aesculapium
906 1369 1005 1418 antem
1016 1405 1025 1434 ,
1048 1359 1134 1437 cnjus
1152 1360 1225 1435 artis

145 1463 276 1521 medicae
305 1462 412 1541 peritia
443 1481 559 1520 summa
583 1462 762 1536 habebatur,
797 1464 887 1521 multi
916 1473 1049 1522 auctores
1077 1465 1227 1541 expressis

145 1569 244 1627 verbis
272 1568 393 1644 dicunt,
409 1573 432 1624 'a
463 1567 594 1626 Chirone
633 1577 751 1646 praeter
777 1567 965 1624 venationem
985 1566 1076 1624 etiam
1100 1565 1227 1625 medici-

143 1691 213 1730 nam
232 1670 367 1730 edoclum
385 1672 473 1730 fuisse
496 1671 573 1754 (73).
616 1672 649 1730 1η
670 1671 752 1730 hunc
784 1671 877 1749 igitur
895 1670 1020 1730 heroum
1036 1670 1231 1731 educmorem

145 1796 206 1834 non
235 1777 331 1834 solum
358 1775 520 1835 Hesiodum
545 1776 716 1835 encomium
736 1777 857 1852 fecisse,
880 1777 953 1836 dicit
971 1777 1131 1836 Pausanias
1146 1776 1227 1858 (74),

144 1877 193 1937 sed
214 1880 340 1938 eundem
357 1880 438 1938 vitae
465 1879 638 1939 muneribus
652 1882 844 1959 perfunctum
865 1881 897 1939 in
914 1885 1046 1940 Deorum
1064 1901 1229 1940 numerum

144 1995 298 2064 receptum
325 1984 413 2044 fuisse
445 1983 523 2066 (75).
552 1984 701 2064 imprimis
724 1986 911 2053 Thessaliae,
946 1985 996 2044 ubi
1018 1986 1115 2045 vitam
1134 1986 1232 2065 egisse

144 2089 315 2162 dicebatur,
347 2089 463 2149 incolae
487 2091 516 2147 ei
538 2090 659 2149 divinos
693 2091 820 2151 honores
848 2091 1033 2164 tribuebant,
1056 2093 1146 2171 eique
1164 2092 1232 2172 pri-

146 2192 245 2252 mitias
276 2191 438 2252 offerebant
468 2191 554 2272 (76);
578 2194 654 2272 quin
673 2196 701 2252 ei
720 2195 753 2253 in
773 2195 847 2255 urbe
864 2194 962 2255 Pellae
983 2195 1151 2255 Thessaliae
1176 2196 1235 2256 ho-

146 2296 256 2358 minem
269 2290 398 2359 mactari
425 2298 631 2373 consuevisse,
661 2299 735 2359 dicit
757 2300 889 2360 Clemens
909 2299 1130 2360 Alexandrinus
1151 2299 1236 2380 (77).

640 2506 655 2581 s
678 2506 723 2564 n.

168 2709 328 2769 'Omnium
357 2729 428 2769 vero
456 2712 606 2770 maximus
636 2711 733 2769 honor
752 2711 928 2792 Aesculapio
950 2723 1015 2791 post
1036 2721 1167 2774 mortem
1187 2726 1235 2776 est

142 2808 288 2887 tributus3
316 2812 403 2892 eique
422 2814 459 2870 ob
479 2814 543 2891 ejus
562 2813 599 2872 de
619 2813 768 2874 medicina
786 2819 894 2874 marita
921 2836 982 2874 non
1005 2816 1100 2874 solum
1121 2816 1178 2877 hic
1204 2829 1236 2878 et

143 2918 207 2975 illic
229 2928 295 2996 post
317 2929 444 2978 mortem
460 2919 606 2978 sacrificia
626 2913 842 2992 offerebantur,
868 2917 918 2977 sed
937 2939 991 2998 per
1011 2928 1105 2977 totam
1132 2918 1234 2981 Grae-

176 3146 224 3199 (69)
233 3140 422 3199 Arcanos-,Lib
437 3143 485 3185 111.
498 3155 518 3183 c.
536 3140 572 3184 13.
581 3141 606 3183 8.
619 3155 643 3195 p.
651 3140 702 3184 ³49.

174 3227 223 3284 (70)
239 3227 346 3270 Xauoru.
368 3228 474 3282 Cyneget.
490 3239 514 3280 p.
536 3223 590 3268 972.
611 3222 760 3278 nCsphalius,
786 3221 951 3276 Aesculapius,
976 3218 1106 3270 Melanion,
1127 3220 1235 3275 Nestor,

146 3308 312 3366 Amphiaraus,
333 3308 428 3357 Peleus,
456 3305 565 3348 Telamon
572 3336 579 3356 ,
613 3304 737 3360 Meleager,
765 3301 920 3358 Hippolytus,
946 3302 1089 3353 Palamedes,
1119 3305 1236 3361 Ulysses,

146 3390 290 3440 Mnestheus,
305 3391 436 3440 Diomedes,
452 3391 545 3439 Castor,
560 3388 660 3439 Pollux,
675 3388 800 3435 Machaon,
815 3384 955 3434 Podalirius,
969 3383 1114 3435 Antilochus,
1130 3386 1234 3439 Aeneas,

145 3472 271 3520 Achilles.'’
426 3524 429 3529 ἢ

176 3554 223 3609 (71)
239 3556 394 3597 Puraosrnsrr
415 3553 520 3596 Hero'r'oa.
536 3568 559 3608 p.
575 3551 624 3603 140,
640 3550 673 3594 ed.
688 3548 836 3592 Borssonanr.

177 3637 224 3693 (72)
241 3633 254 3673 ll
266 3620 370 3673 Ἰάσων
387 3617 463 3691 παρὰ
483 3616 532 3685 777(
552 3609 666 3670 lilim„
699 3633 774 3674 Schol.
790 3616 879 3673 Archi..
893 3629 969 3671 Ruou.
987 3627 1007 3671 l.
1021 3625 1072 3672 554.

178 3717 226 3771 (rs)
242 3717 362 3760 assason.
378 3715 429 3759 aas.
439 3717 485 3760 111.
502 3729 522 3761 c.
532 3715 566 3758 ιο.
576 3715 598 3759 3.
614 3712 935 3768 p.316.Pmu.1’yth.111.9
951 3704 1234 3769 murmurosam.

147 3802 272 3848 Puraosrs.
288 3791 378 3843 Hero'r'c.
392 3800 408 3842 l.
424 3813 445 3845 c.
1056 3832 1058 3836 ,

153 3908 156 3913 -
179 3881 227 3938 (74)
243 3881 312 3923 Paua.
328 3880 379 3922 Lib.
396 3880 439 3923 tx.
454 3894 474 3922 c.
489 3878 526 3922 31.
827 3875 874 3932 (75)
891 3878 958 3919 Paos.
974 3874 1025 3934 Lib.
1041 3875 1073 3921 V.
1088 3886 1110 3919 c.
1129 3875 1167 3920 19.

178 3962 226 4020 (76)
241 3965 374 4007 Pausiaca.
388 3963 491 4018 Sympos.
505 3961 557 4005 Lib.
573 3963 606 4004 11.
623 3975 661 4014 qu.
679 3960 699 4005 l.
713 3975 736 4018 p.
753 3959 804 4002 ⁶47.
820 3958 854 4001 ed.
870 3959 971 4002 Rosam.

181 4047 229 4103 (77)
246 4048 322 4089 Crass.
337 4046 415 4087 Anax.
431 4043 487 4087 Coh.
501 4044 529 4085 ad
543 4043 632 4086 Gentes.
646 4055 668 4097 p.
685 4041 721 4086 27.
735 4043 765 4085 al.
781 4056 805 4096 p.
820 4040 858 4085 37,
