2754 4710
601 615 723 690 aso.

185 819 232 876 De
261 815 503 892 medicamentis,
526 839 601 897 quae
625 819 794 898 Aesculapii
826 818 989 880 sacerdotes
1011 822 1137 900 aegrotis
1156 824 1220 881 sub-

142 919 367 992 ministrabant,
403 942 462 979 non
494 921 624 981 multum
647 924 842 1002 pronuntiare
867 940 1031 1005 possumus.
1073 927 1118 985 Ex
1137 948 1220 987 scena

141 1025 211 1099 illa,
230 1045 322 1104 quam
344 1025 461 1104 saepias
481 1046 519 1084 ex
539 1021 748 1107 Aristophanis
768 1031 856 1089 Pluto
876 1032 1057 1104 citavimus,
1081 1034 1221 1092 conficere

142 1129 222 1204 licet,
244 1130 321 1208 ipsos
342 1129 432 1188 etiam
459 1130 623 1190 sacerdotes
655 1152 797 1196 eorumve
818 1136 971 1194 ministros
989 1136 1218 1202 medicamenta,

142 1254 218 1311 qnae
254 1234 472 1312 aegrotantibus
507 1236 781 1314 praescripserunt,
819 1260 1015 1318 praeparasse.
1058 1241 1106 1299 lbi
1143 1243 1219 1298 enim

145 1337 257 1396 dicitur
293 1358 369 1416 puer
400 1341 606 1399 mortariolum
637 1341 786 1419 lapideum
814 1364 883 1402 ctam
909 1343 1022 1422 pistillo
1050 1354 1081 1401 et
1107 1345 1220 1421 capsula

142 1442 323 1519 apposuisse,
345 1462 475 1521 quoram
494 1464 550 1521 ope
568 1445 702 1513 sacerdos
724 1447 841 1524 paravit
865 1457 1050 1526 unguentum
1068 1448 1146 1506 illud
1166 1448 1220 1507 Ne-

82 1546 92 1565 ·
142 1545 255 1605 oolidae
287 1546 476 1604 coecatienti.
516 1546 559 1606 ltu
589 1547 679 1606 etiam
701 1550 735 1608 in
754 1551 861 1609 tabulis
879 1551 1014 1626 votivis,
1032 1553 1155 1628 quasin
1177 1553 1220 1607 in-

143 1651 206 1710 sula
235 1650 393 1717 Tiberina,
416 1650 467 1708 ubi
485 1650 545 1710 suit
563 1653 708 1732 templum
730 1655 918 1736 Aesculapii,
940 1666 1072 1734 repertas
1089 1656 1218 1714 illustra·

137 1754 183 1813 vit
214 1752 454 1815 Haudertmarck
488 1756 564 1837 (70),
593 1760 710 1838 saepius
742 1760 860 1830 dicitur
895 1762 974 1820 Deus
1002 1762 1219 1839 aegrotantibus

142 1854 322 1936 imperasse,
358 1861 471 1919 cineres
508 1861 558 1920 vel
587 1863 653 1940 pini
678 1864 799 1923 nucleos
829 1886 865 1923 ex
886 1885 938 1921 ara
959 1847 1092 1940 sumere,
1115 1885 1217 1942 eosque

144 1962 233 2034 vino,
261 1963 360 2022 aliove
388 1964 528 2024 vehiculo
550 1967 721 2026 commistos
738 1979 881 2048 tanquam
901 1969 1154 2028 medicamentum
1172 1970 1219 2027 ad-

144 2068 264 2142 hibere3
293 2069 340 2128 uti
374 2090 399 2131 v.
432 2091 459 2130 o.
486 2070 523 2128 de
552 2071 642 2131 Lucio
670 2073 795 2152 quodam
820 2073 930 2146 dolore
946 2072 1047 2131 lateris
1074 2072 1180 2133 affecto
1195 2083 1221 2130 et

145 2175 182 2233 de
202 2175 323 2234 loliano
343 2169 550 2257 haemoptoico
575 2180 700 2258 legimus
719 2176 796 2259 (71).
837 2177 909 2236 Veri
925 2187 969 2235 est
989 2177 1105 2253 simile,
1127 2199 1219 2237 sacer-

145 2261 227 2338 dotes
239 2280 390 2340 cmenbus
400 2284 490 2341 vel
461 2284 526 2361 pini
544 2284 655 2343 nucleis
683 2284 749 2343 istis
776 2280 899 2360 aliquod
917 2281 1200 2354 medicamentum
1192 2303 1220 2338 m

143 2386 180 2444 iis
191 2386 305 2444 casibus
313 2387 517 2460 addidissem
528 2389 635 2466 quibus
649 2387 741 2463 hujus
760 2406 845 2444 usum
854 2405 987 2443 necessat
989 2405 1052 2443 rum
1069 2378 1221 2445 ducerent.

146 2460 306 2560 Attamen
324 2490 490 2566 saepissime
520 2492 617 2550 verbis
654 2487 864 2548 tantummodo
891 2480 1111 2565 aegrotantibus
1140 2509 1222 2568 prae-

132 2592 347 2675 ⁸scripserunt
359 2593 537 2664 sacerdotes,
570 2612 701 2671 qrranam
729 2592 925 2656 medicatione
953 2592 1014 2648 illis
1036 2602 1112 2666 esset
1131 2614 1220 2671 opus,

144 2697 241 2776 iisque
254 2697 527 2755 unamalterumve
546 2696 795 2756 medicamentum
814 2694 1069 2752 commendarunt.
1110 2696 1152 2753 De
1171 2696 1221 2753 bo-

145 2822 214 2861 rum
253 2800 535 2860 medicamentorum
569 2810 676 2857 natura
714 2810 814 2858 tamen
843 2797 907 2855 ¹mm
937 2798 1066 2870 nrultum
1098 2808 1220 2858 constat.

146 2906 239 2983 Saepe
266 2904 423 2983 allegorica
445 2907 577 2974 ratione,
606 2906 669 2964 sive
691 2905 791 2982 ipsum
810 2901 995 2976 remedium,
1015 2901 1079 2959 sive
1102 2901 1220 2960 meden-

145 3008 177 3066 di
197 3007 354 3067 methodus
380 3008 651 3087 praescribebatur‚
673 3007 776 3066 eodem
804 3006 909 3081 modo,
938 3018 1027 3085 atque
1052 3007 1110 3065 hoc
1131 3009 1219 3066 etiam

144 3102 176 3170 in
199 3112 350 3191 mysteriis
370 3113 582 3191 Aegyptiorum
601 3111 687 3170 fiebat
705 3110 782 3191 (72).
823 3111 872 3170 sic
891 3112 1001 3188 piperis
1021 3111 1101 3189 nigri
1128 3111 1219 3191 quod-

144 3218 213 3276 dam
242 3238 332 3296 genus
345 3264 354 3292 ,
380 3219 450 3296 quia
475 3217 609 3290 mordet,
634 3216 799 3275 vocabatur
825 3214 893 3273 Iudi
913 3216 1062 3296 mordaces
1084 3215 1219 3297 (Ἰνδικοὶ

113 3319 115 3322 ⁴
146 3323 328 3401 delusorem),
368 3331 398 3380 et
428 3321 540 3381 malum
568 3320 735 3399 Cydoniam
769 3319 834 3377 ovis
863 3320 997 3395 Cretica,
1030 3321 1103 3398 quia
1131 3329 1220 3400 μῆλον

145 3427 272 3508 (malam
289 3426 354 3484 sive
369 3424 504 3506 pomum)
524 3425 614 3497 etiam
631 3443 718 3482 ovem
731 3422 905 3503 (πρόβατον)
920 3423 1065 3502 siguificat
1077 3434 1134 3483 etc.
1146 3423 1221 3506 (73).

175 3606 222 3660 (70)
239 3610 454 3654 Husnmmcx,
469 3605 504 3646 De
517 3601 660 3645 incrementis
674 3600 731 3648 artis
744 3597 840 3639 medicae
855 3611 896 3652 per¹
908 3597 1067 3651 expositionem
1081 3607 1219 3658 aegrotorum

144 3693 169 3732 in
181 3689 229 3731 vias
244 3689 345 3743 publicas
358 3695 380 3729 et
394 3687 538 3740 templa.lto.
553 3686 622 3739 Lips.
639 3682 703 3725 1749.

174 3768 222 3823 (tl)
237 3771 319 3818 Vnus,
331 3747 490 3811 summitates
504 3764 759 3821 Philologico-medicac.
775 3779 800 3820 p.·
812 3765 848 3807 96.

155 3895 158 3900 ,
175 3849 223 3905 (72)
239 3852 371 3892 Pausiaca.
385 3851 419 3891 De
433 3849 487 3891 Isid.
501 3855 524 3890 et
537 3847 597 3890 Osir.
612 3861 635 3901 p.
652 3846 704 3888 366.
719 3836 753 3887 ed.
769 3847 909 3888 Hastam.
925 3845 963 3888 cf.
977 3846 1102 3896 lausiaca,
1117 3848 1143 3888 de
1156 3848 1219 3903 Mys-

142 3944 187 3979 ter.
201 3934 298 3989 Aegypt.
313 3933 377 3975 seca·
387 3934 445 3975 VII.
461 3948 484 3988 p.
501 3931 550 3975 150.

173 4017 221 4073 (73)
238 4017 391 4059 Aarsmnon.
407 4013 590 4056 emanantia.
608 4013 652 4056 lv.
669 4026 689 4053 c.
706 4011 741 4055 24.
757 4026 779 4066 p.
795 4009 846 4053 214.
