2754 4710
570 437 792 496 -196-

144 595 292 673 judicium
312 596 390 653 serre
412 593 448 652 de
467 594 677 676 Asclepiadum
699 597 862 672 medicina3
886 618 956 655 nam
979 597 1003 655 si
1022 597 1059 654 ab
1078 618 1138 655 uua
1155 609 1235 676 parte

147 701 265 758 laudem
296 697 446 772 cujusdam
474 698 642 778 sagacitatis
673 700 710 758 iis
737 701 879 780 denegare
908 722 969 760 uon
1002 721 1174 780 possumus,
1202 704 1235 760 ab

147 808 240 865 alteru
271 815 354 885 parte
382 817 483 864 tamen
504 816 549 864 tot
569 806 661 865 stulta
688 816 719 862 et
734 805 860 863 absurda
879 805 1078 882 offendimus,
1099 817 1134 864 ut
1153 826 1236 885 coge-

148 932 218 969 mur
242 910 334 986 hujus
360 910 455 968 laudis
480 930 615 988 magnam
645 916 759 985 partem
787 909 964 968 detrectare.
1006 909 1118 969 Verrun
1139 911 1236 969 obser-

149 1015 284 1074 vandum
304 1025 361 1084 est,
383 1014 574 1072 haecomnia
593 1013 629 1071 de
647 1014 793 1073 medicina
812 1015 867 1073 illa
889 1016 1097 1094 Asclepiadum
1117 1017 1231 1092 valere,

147 1140 221 1198 quae
247 1119 308 1177 sere
328 1117 465 1177 ducentis
495 1127 562 1197 post
595 1115 748 1175 Christum
774 1126 880 1176 natum
907 1120 995 1177 annis
1019 1119 1233 1194 exercebatur,

146 1225 218 1281 adeo
245 1233 279 1283 ut
304 1221 385 1281 cauti
411 1222 504 1280 simus
534 1230 691 1300 oporteat,
711 1243 750 1281 ne
769 1243 805 1281 ex
828 1222 876 1281 his
892 1232 1005 1281 temere
1022 1224 1140 1302 aliquid
1164 1245 1235 1282 oona

147 1329 300 1388 cludamns
330 1327 366 1384 dc
392 1327 579 1399 conditione,
613 1347 671 1404 qua
701 1327 772 1385 inde
791 1327 827 1385 ab
855 1327 945 1384 initio
969 1327 1063 1386 fuerit
1087 1328 1235 1386 medicina

147 1435 179 1492 iu
198 1431 366 1511 Aesculapii
392 1431 518 1508 templis.
560 1428 714 1488 Probabile
737 1428 813 1486 milri
834 1429 972 1501 ridetur,
998 1430 1076 1489 hanc
1094 1432 1128 1488 in
1149 1432 1235 1490 initio

147 1545 226 1594 certe
261 1555 322 1593 non
354 1533 428 1591 adeo
457 1533 588 1591 activam
620 1533 728 1605 luisse,
752 1553 849 1610 neque
867 1535 958 1591 etiam
978 1533 1037 1610 jam
1055 1544 1122 1592 tum
1140 1546 1234 1594 artem

138 1637 360 1718 ·gymnasticam
383 1645 413 1694 et
438 1635 625 1694 diaeteticam
656 1658 834 1716 magnopere
859 1639 949 1697 fuisse
972 1641 1143 1700 excultam:
1174 1663 1233 1701 me-

145 1742 256 1800 thodus
274 1740 462 1819 cxpectativa
480 1742 557 1799 sone
578 1740 766 1817 potissimum
787 1742 848 1800 suit
870 1743 1019 1815 adhibita,
1043 1745 1092 1802 cui
1118 1745 1234 1804 accede-

148 1849 199 1906 bat
229 1868 298 1905 usus
330 1846 420 1904 unius
447 1845 612 1904 alteriusve
643 1843 771 1922 radicis,
812 1847 897 1922 cujus
934 1848 1062 1907 virtutes
1105 1851 1233 1909 medicae

146 1953 333 2032 experientia
360 1952 481 2010 fuerant
517 1950 666 2028 probatae.
717 1952 902 2031 Asclepiades
929 1963 1024 2011 artem
1055 1955 1234 2036 plerumque

145 2061 263 2119 infelici
293 2079 427 2119 successu
446 2078 508 2115 non
537 2056 726 2131 exercuisse,
747 2060 838 2117 etiam
865 2078 903 2117 ex
922 2079 1026 2137 magna
1048 2058 1125 2134 fide,
1146 2082 1232 2138 quam

148 2168 213 2224 Deo
239 2164 347 2223 habuit
378 2163 521 2222 Aristides
552 2173 597 2220 tot
614 2162 754 2238 saeculis,
774 2174 932 2242 postquam
960 2164 1056 2242 prima
1083 2165 1233 2243 Asclepiea

146 2272 270 2330 fuerunt
289 2270 456 2344 instituta,
475 2268 548 2326 adeo
567 2278 602 2328 ut
630 2269 757 2340 diceret,
791 2290 822 2328 se
846 2278 943 2329 totum
974 2271 1038 2328 Deo
1064 2286 1127 2328 esse
1155 2270 1234 2328 dedi-

149 2387 213 2434 tum
235 2373 302 2454 (90)
315 2419 324 2449 ,
349 2373 452 2433 confici
483 2382 589 2452 potest.
635 2375 779 2452 Tempore
804 2382 924 2446 autem,
949 2392 1009 2450 quo
1032 2371 1107 2429 vixit
1125 2371 1197 2447 ille,
1218 2393 1233 2428 a

148 2477 278 2556 pristina
310 2497 363 2535 sua
394 2476 586 2553 simplicitate
614 2488 643 2535 et
678 2477 826 2555 probitate
857 2495 1034 2554 magnopere
1067 2472 1233 2554 degenerati

142 2579 232 2638 fuisse
257 2578 400 2638 videntur
418 2577 615 2659 Asclepiades.

637 2787 651 2862 ξ
676 2789 725 2848 31.

147 3040 152 3051 ,
186 2995 231 3054 Ex
242 2994 297 3070 iis,
320 2994 435 3072 quaein
448 2994 713 3072 praecedentibus,
734 2992 755 3073 ς
765 2991 785 3073 5
796 2991 832 3050 de
852 2990 1091 3068 Asclepiadibus,
1114 3013 1232 3052 eorum-

145 3118 203 3177 que
220 3097 348 3157 cnrandi
368 3097 509 3156 methodo
532 3098 673 3178 exposui,
696 3106 779 3176 patet
790 3141 799 3170 ,
820 3118 838 3153 a
860 3115 907 3152 me
930 3095 1138 3169 sanationem,
1160 3116 1231 3175 quae

145 3203 338 3280 plerumque¹
356 3202 581 3279 insequebatur,
613 3200 802 3280 potissimum
824 3201 920 3279 repeti
937 3221 955 3258 a
978 3211 1086 3259 natura
1105 3203 1231 3260 medica-

144 3304 235 3378 trici,
258 3313 322 3363 turn
341 3323 459 3381 quoque
478 3305 515 3362 ab
534 3316 599 3362 arte
622 3304 765 3382 empirica
787 3304 982 3379 sacerdotum,
1000 3303 1228 3382 deniqueetiam

145 3429 162 3465 a
183 3408 340 3487 phantasia
361 3407 493 3485 ipsorum
515 3407 743 3486 aegrotantium.
786 3409 859 3466 llaec
882 3406 1045 3486 explicatio
1062 3409 1133 3467 licet
1153 3409 1227 3467 forte

144 3535 207 3573 nou
221 3514 258 3573 ab
276 3513 359 3572 omni
380 3523 464 3589 parte
483 3512 666 3581 satisfaciat,
690 3531 736 3570 me
751 3512 865 3587 judice,
885 3521 986 3570 tamen
1007 3514 1228 3592 quammaxime

145 3617 287 3688 rationali
313 3616 636 3676 medicinaeuititur:
668 3617 769 3674 saltem
798 3616 875 3673 mihi
900 3615 1077 3694 persuadere
1095 3617 1228 3676 nondum

145 3723 248 3801 potui,
280 3722 511 3780 medicaminum
542 3722 754 3781 iudicationem
766 3766 775 3795 ,
797 3741 872 3799 quae
893 3720 1101 3778 incubantibus
1126 3720 1226 3794 fiebat,

156 3877 379 3888 a--m-

177 3946 224 4000 (90)
243 3938 350 3986 :tnrsrrn
368 3944 401 3985 ΙΙ.
419 3955 440 3995 p.
456 3910 508 3981 521¹.
542 3941 656 3983 Iulienter
671 3941 730 3982 idem
740 3951 752 3991 ,’
766 3944 822 3989 Deo¹
826 3942 918 3997 jubente
926 3974 936 3993 y,
949 3944 1096 3998 pharmacum
1111 3941 1226 3996 quoddam,

84 4074 87 4080 ,
149 4027 214 4086 eujus
228 4026 316 4082 odorem
331 4024 393 4079 prius
405 4023 465 4067 serre
478 4037 522 4064 non
536 4029 638 4076 poterat,
651 4023 711 4066 tibIt
725 4025 793 4075 (ont.
810 4025 873 4071 Sacr.
895 4025 942 4068 111.
959 4038 981 4080 p.
996 4023 1047 4069 558.
1064 4025 1101 4073 Cf.
1117 4038 1140 4079 p.
1156 4022 1225 4076 bib).
