2754 4710
504 426 722 485 ..183—

60 582 132 646 Jure
161 584 270 643 merito
295 585 387 663 igitur
420 586 604 665 Asclepiades
634 584 855 645 lucubationem
886 588 1081 657 adhibebant,
1105 596 1138 645 ut

57 670 150 747 eliam
182 690 263 746 Deus
280 670 485 767 ‘Aesculapius
517 691 740 769 aegrotantibus
778 712 922 770 apparere
947 675 1132 761 crederetur,

58 805 149 870 atque
175 793 273 875 varias
290 792 323 852 in
343 795 535 872 praecedente
555 794 765 876 §.enarratas
785 781 985 854 caeremonias
1004 795 1037 869 iu
1054 815 1140 852 usum

60 895 223 971 vocabant,
255 896 364 976 quibus
393 919 497 956 eornm
534 896 690 978 phantasia
733 897 935 973 excitaretur,
958 907 988 955 et
1024 888 1140 954 creduli

60 999 162 1058 animo
190 1009 381 1079 reputantes,
404 1022 479 1079 quae
498 1001 625 1061 durante
645 1002 693 1059 die
715 1002 854 1060 viderant
863 1047 872 1078 ,
895 1022 1058 1080 somnoque
1077 1011 1143 1059 tan·

52 1105 132 1163 -dem
161 1105 310 1190 correpti,
343 1125 396 1183 per
424 1107 557 1184 quietem
577 1107 668 1165 etiam
688 1107 814 1165 eundem
835 1111 932 1165 Deum
953 1107 1008 1164 sibi
1028 1106 1144 1164 adstare

59 1218 205 1289 putarent
217 1207 236 1283 ,'
251 1209 342 1283 cujus
361 1210 448 1279 'mira
475 1212 607 1289 potentia
635 1215 827 1295 vigilantium
848 1215 1037 1292 cogitationes
1058 1236 1146 1293 pror-

59 1336 109 1374 sus
143 1321 352 1394 uccnpaverat.
394 1314 472 1374 Hin'c
493 1338 552 1393 nou
576 1320 669 1378 solum
691 1319 724 1376 iu
746 1318 912 1396 llesmrlapii
935 1317 1072 1397 ternplis,
1095 1317 1144 1375 sed

61 1418 220 1493 universe,
251 1419 477 1505 quibuscunque
498 1422 529 1478 iu
550 1423 622 1481 locis
643 1423 734 1505 sacris
754 1422 922 1479 sanationes
941 1420 1067 1505 fiebant,
1092 1440 1145 1498 per

59 1527 176 1582 somnia
215 1505 320 1593 (lirina
355 1526 578 1603 aegrotantibus
607 1527 740 1586 remedia
774 1526 906 1605 patefieri
938 1524 1143 1593 credebantur.

59 1627 183 1710 Sic-qui
204 1627 575 1706 Amphiaraioraculinn,
602 1631 680 1709 quod
699 1630 778 1708 apud
799 1629 925 1707 Oropios
944 1640 1025 1704 erat,
1051 1628 1143 1707 quod-

58 1751 114 1811 que
131 1730 292 1809 'imprimis
320 1731 357 1790 de
386 1733 496 1791 morbis
523 1733 750 1814 consulebatur,
773 1732 930 1806 adierunt,
949 1742 1015 1809 post
1035 1732 1144 1790 lustra-

11 1872 14 1877 >
56 1824 157 1925 ¹tiones
186 1821 311 1893 arietem
341 1836 549 1911 immolabant,
583 1838 667 1911 cajus
695 1838 841 1912 substrata
869 1836 1143 1918 pelledonniflentes

57 1949 209 2000 nocturna
236 1940 308 2005 ‘visa
337 1942 545 2021 exspectabant
571 1941 650 2023 (34).
693 1940 806 1999 Eoderu'
821 1939 908 1996 modo
926 1939 1011 2017 apud
1023 1943 1142 2019 Aegyp·

53 2045 136 2118 tius,
169 2044 221 2122 qui
249 2043 285 2100 ab
305 2044 380 2103 Iside
400 2023 741 2123 sanationespetebant,
764 2042 798 2098 iu
819 2042 908 2130 liujus
931 2044 1009 2099 Deae
1030 2043 1141 2121 templo
1214 2084 1216 2089 -

56 2146 260 2206 incubabant:
288 2149 453 2224 insomnis
479 2151 560 2206 enirn
580 2138 723 2206 adsistens
741 2147 867 2224 aegrotis
888 2146 1018 2205 remedia
1038 2157 1141 2204 contra

34 2226 41 2332 ι’
58 2250 178 2310 morbos
193 2251 336 2327 subjicere
353 2251 510 2310 dicebatur
531 2252 613 2333 (35);
636 2251 681 2308 uti
703 2251 793 2308 etiam
816 2243 1008 2329 inSerapidis
1030 2251 1141 2330 templo

59 2355 150 2415 multi
160 2356 208 2413 vel
229 2376 326 2433 prose
346 2357 395 2440 vel
416 2377 470 2434 pro
490 2357 557 2416 aliis
578 2357 726 2439 insomnia
747 2357 904 2435 captabant
922 2354 1000 2436 (36).
1044 2358 1143 2431 Quum

60 2459 279 2539 ita'praecipne
296 2477 349 2536 per
369 2461 590 2519 incubationem
611 2473 641 2519 et
662 2464 776 2520 somnia
797 2463 966 2520 sanationes
985 2463 1051 2521 lieri
1077 2483 1143 2520 cre·

60 2561 226 2636 darentur,
266 2565 425 2622 recentiori
457 2576 590 2644 tempure
619 2567 652 2624 in
681 2548 1000 2646 templisAesculapii
1029 2569 1143 2645 saepius

61 2669 167 2731 Somni
189 2667 256 2748 (37)
278 2670 328 2728 vel
348 2672 439 2728 etiarn
461 2671 577 2745 Samnii
600 2669 666 2751 (38)
687 2672 803 2751 signnm
830 2673 1006 2750 ponebatur.
1056 2673 1145 2730 Iucu-

60 2773 199 2839 banlibus
228 2773 290 2852 ipse
320 2775 401 2847 Dens
430 2776 590 2851 apparebat
619 2773 706 2853 (39),
735 2766 956 2852 qrrem'saepins
975 2776 1053 2832 filiae
1075 2777 1144 2833 Jaso

58 2889 89 2938 et
109 2880 242 2938 Panacea
261 2878 537 2936 concomitabantur
558 2875 642 2954 (ab),
667 2877 717 2933 vel
739 2876 831 2934 etiam
855 2874 1053 2954 Telesphorus
1074 2876 1140 2957 (bl)

60 2983 204 3063 puerulus
215 2983 276 3058 ille,
287 2983 350 3067 'qni
370 2981 403 3038 iu
424 2981 541 3060 templis
556 2980 723 3060 Aesculapii
733 2983 848 3062 saepius·
864 2978 956 3040 sirn'ul
971 3004 1040 3040 cum
1051 2983 1144 3062 ipsius

66 3088 117 3149 llei
127 3082 288 3161 simulacro
298 3086 767 3167 ¹reperiebaturetple'rumquein
788 3087 886 3144 medio
905 3084 985 3144 inter
1005 3087 1144 3145 Aescula-

63 3177 144 3272 pium
155 3192 326 3273 etlllygeam
342 3191 461 3271 palliolo
473 3190 595 3248 inclutus
605 3190 795 3269 effingebatur
817 3189 900 3271 (t2);
928 3191 1036 3269 quique
1046 3212 1063 3248 a
1073 3192 1144 3248 Per-

89 3369 139 3423 (34)
158 3370 223 3410 ems.
240 3369 260 3410 1.
275 3368 312 3411 34.
567 3363 615 3418 (35)
630 3365 700 3407 Dion.
716 3364 762 3405 Sic.
779 3364 829 3405 Lib.
848 3364 868 3407 1.
884 3377 904 3404 c.
919 3361 956 3406 25.
971 3363 1002 3416 (p.
1017 3362 1053 3404 29.
1069 3368 1112 3417 sq.)

88 3450 140 3506 Ι(36)
157 3451 249 3492 Sanina
259 3450 314 3491 Lib.
329 3450 409 3494 XVII.
425 3463 447 3502 p.
466 3447 528 3492 1152.
544 3451 570 3490 C.
881 3443 928 3497 (37)
945 3446 1011 3486 Pius.
1027 3438 1113 3508 (ΗΟ.

94 3532 146 3585 (38)
163 3533 272 3574 Ansam.
288 3515 353 3572 ora't.
368 3531 431 3572 Sacr.
454 3531 473 3571 1.
489 3545 512 3584 p.
527 3530 578 3571 lua.
594 3529 642 3568 Hoc
656 3527 704 3568 loco
717 3526 784 3567 etiam
800 3527 912 3566 Fortunae
923 3525 1014 3574 ,mentio
1032 3525 1071 3565 fit:
1088 3538 1145 3578 qnae

66 3629 115 3658 em
128 3607 267 3668 Aesculapio
281 3612 419 3667 colloquium
432 3613 515 3653 habens
529 3612 651 3652 etiamnum
665 3609 689 3648 in
702 3605 800 3648 nummis
814 3606 936 3661 reperitur.
962 3606 1000 3650 Cl'.
1016 3607 1144 3648 Mosarna-

67 3709 121 3748 cos,
134 3695 276 3751 L'antiquitd
290 3694 408 3749 expliqude
423 3689 498 3750 suppl.
516 3697 583 3737 Τ..Ι.
600 3709 623 3748 p.
642 3693 690 3733 177.

95 3779 143 3837 (as)
160 3780 317 3821 Panosrmr
331 3775 374 3818 vat.
387 3776 494 3829 apollon.
525 3777 545 3817 1.
563 3776 584 3818 7.
599 3790 622 3829 p.
638 3775 660 3816 s.
725 3757 727 3759 ’

89 3860 144 3914 (40)
161 3859 287 3902 Asrsroen.
302 3858 365 3899 Plut.
381 3872 416 3899 vs.
432 3855 482 3899 701.
586 3858 633 3913 (41)
650 3857 759 3899 Anrsrto.
774 3856 838 3897 Orat.
854 3855 917 3896 Sacr.
934 3855 980 3895 111.
995 3869 1018 3908 p.
1033 3850 1084 3894 552.

96 3941 145 4000 (42)
161 3941 271 3984 Anum·
284 3940 350 3980 Orat·
366 3939 428 3979 Sacr·
445 3939 488 3982 lv.
504 3953 528 3993 p-
543 3935 595 3983 589.
612 3940 650 3982 Cs.
665 3941 836 4004 Mourrsucon,
851 3952 872 3977 o.
888 3950 908 3977 c.
925 3937 954 3978 T.
971 3937 992 3978 1.
1007 3937 1035 3976 P.
1050 3936 1083 3976 11.
1099 3935 1144 3981 tab.

69 4021 119 4067 186.
135 4023 181 4066 No.
199 4024 220 4066 7.
236 4039 260 4078 p.
274 4021 325 4065 286.
357 4023 423 4064 Licet
436 4023 539 4077 quidem,
556 4022 590 4064 uti
603 4028 677 4067 monet
690 4016 952 4070 Gssusnas'fflarmoris
961 4018 1088 4066 casselani,
1104 4032 1148 4072 qus
