2754 4710
689 483 721 501 uh

604 511 643 524 ’···
686 508 718 544 vt
767 518 802 545 r*

143 643 250 723 gravi
282 642 517 702 inflammatione
535 645 710 705 seoretioues
730 645 949 724 impediuntur,
976 644 1095 724 quaudo
1112 644 1195 706 dolor
1212 655 1243 706 ot

142 753 255 810 ardor
278 749 407 828 partium
424 760 468 809 est
484 738 631 809 maxumis
647 763 727 811 etex
747 752 898 810 erectione
916 751 1034 809 laterali
1052 753 1162 811 chorda
1181 754 1243 812 ori⁴

145 865 224 915 tur.
270 852 351 913 Haeo
372 853 530 912 vehemens
547 854 687 912 urethrae
696 853 892 914 inflammatio
910 875 970 912 non
987 856 1045 913 nisi
1060 847 1098 914 ex
1105 858 1245 934 contagio

147 957 380 1040 gonorrhoeico
404 959 548 1038 originem
566 959 663 1033 ducit,
687 960 770 1040 quod
786 969 955 1044 susceptum
974 936 1122 1038 imiirimis
1142 937 1175 1018 in
1190 961 1243 1037 ju-

149 1056 302 1123 niorilius
335 1075 365 1123 ct
387 1065 513 1131 robustis
537 1075 624 1124 acuta
654 1067 727 1124 talia
747 1074 947 1143 symptomata
963 1065 1119 1143 producit,
1143 1066 1245 1144 qualia

154 1175 196 1232 in
227 1170 415 1251 gonorrhoea
440 1193 477 1231 ex
496 1172 645 1250 ‹lysorasia
674 1171 800 1248 quadam
817 1179 921 1257 crarta
939 1190 1000 1227 non
1018 1169 1091 1227 adeo
1108 1157 1194 1228 facile
1211 1169 1245 1227 iu

157 1278 267 1337 lucem
294 1276 460 1353 prodeunt3
489 1275 562 1333 adeo
592 1285 626 1332 ut
644 1275 762 1332 nullum
785 1275 825 1333 sit
844 1275 986 1349 dubium,
1008 1275 1082 1353 quin
1101 1277 1194 1335 Moses
1210 1275 1247 1332 de

155 1380 353 1459 gonorrhoea
372 1380 524 1438 virulenta
552 1381 590 1438 sit
609 1382 745 1450 locutus,
771 1380 817 1438 uti
836 1379 930 1439 credit
947 1381 1039 1438 etiam
1058 1381 1245 1439 Rosenlraum

157 1483 246 1565 (82).
290 1483 376 1555 Quod
393 1502 483 1561 porro
502 1476 592 1542 uersu
611 1483 629 1541 7
651 1484 782 1559 dicitur:
807 1487 886 1559 uQui
906 1486 970 1562 ejus
980 1506 1087 1563 corpus
1104 1484 1244 1562 tetigerit,

161 1589 350 1648 vestimenta
369 1609 419 1646 sua
435 1587 529 1647 eluito
546 1600 576 1647 et
604 1610 682 1667 aqua
701 1590 834 1663 lavator,
857 1600 949 1667 atque
969 1588 1007 1645 ad
1025 1608 1177 1667 vesperam
1197 1609 1247 1644 us-

162 1715 228 1773 que
254 1692 387 1771 pollutus
407 1701 486 1749 esto:
500 1692 706 1750 ”secuudum
727 1692 932 1750 Clarissimum
952 1713 1012 1749 vau
1022 1692 1075 1750 der
1087 1693 1167 1751 Palm
1179 1691 1246 1773 (83)

161 1797 458 1874 est'intelligenalum
495 1796 531 1853 (le
553 1796 728 1874 praestando
745 1795 859 1854 auxilio
878 1794 1046 1874 chirurgico
1064 1805 1094 1854 et
1111 1796 1244 1853 medico:

164 1902 249 1980 quod
278 1901 301 1957 si
334 1901 378 1957 ita
398 1911 456 1973 est,
478 1898 568 1955 etiam
590 1898 690 1977 potius
708 1899 745 1956 de
766 1899 950 1976 gonorrhoea
968 1899 1120 1956 virulenta
1139 1899 1246 1971 valet,

163 2007 202 2065 in
222 2027 282 2085 qua
300 2004 442 2063 nonnulla
461 2013 660 2082 symptomata
677 2012 765 2062 acuta
782 2002 908 2081 (chorda
928 2024 957 2059 v·
975 2000 1014 2081 o.)
1036 2024 1096 2060 nou
1107 2004 1172 2064 rotti
1182 2025 1249 2082 pos-

164 2114 264 2187 sunt,
288 2111 346 2169 nisi
365 2109 472 2168 localis·
486 2109 602 2168 curatio
629 2108 809 2186 generaliori
824 2109 961 2183 accedat,
983 2109 1126 2188 cujusque
1146 2131 1249 2190 symp-

165 2225 284 2274 tomata
302 2202 493 2272 consecutiva
516 2213 671 2292 (strictura
686 2233 716 2271 v.
739 2235 764 2271 o.
780 2213 914 2292 aliaeque
933 2233 1067 2272 mucosae
1087 2212 1250 2291 degenera-

166 2321 281 2399 tiones)
295 2320 357 2404 sola
375 2319 438 2376 sere
459 2318 553 2377 locali.
563 2317 719 2377 curatione
737 2325 916 2377 tractantur.
960 2315 1026 2375 Alta
1046 2307 1089 2375 est
1100 2316 1248 2395 quaestio,

132 2438 138 2447 '
165 2447 208 2483 an
225 2425 332 2483 haecce
349 2422 533 2503 gonorrlroea
551 2423 641 2480 etiam
653 2420 818 2501 syphilitic'i
836 2420 950 2498 generis
965 2418 1074 2478 suerit:
1096 2441 1152 2500 pro
1170 2430 1252 2480 certo

167 2529 230 2589 lroc
265 2529 412 2586 affirmare
436 2548 496 2587 non
521 2528 626 2586 ausim
668 2524 822 2586 Michaelis
851 2524 918 2604 (84)
936 2525 1119 2602 suspicatur,
1141 2526 1251 2584 verba:

170 2634 255 2725 aQui
284 2634 414 2692 mundus
441 2634 477 2690 ab
505 2632 560 2689 illo
584 2641 746 2710 consputus
762 2628 857 2686 suerit
875 2630 933 2708 (vs
953 2631 1037 2709 8.)st
1061 2651 1121 2689 esse
1139 2622 1255 2689 inlelli-

169 2738 265 2818 gendo
278 2737 314 2793 de
344 2735 539 2805 salivati'one,
563 2755 641 2812 quae
663 2735 876 2812 gonorrhoeam
896 2735 1079 2831 virulentam
1100 2758 1252 2794 nonnum-

170 2862 261 2921 quam
284 2838 515 2897 concomitetur:
539 2837 588 2895 sed
608 2846 678 2896 oum
697 2837 836 2895 salivario
853 2858 915 2895 non
943 2859 981 2896 ex
1001 2838 1065 2916 ipsa
1083 2839 1250 2914 allectione,

127 3022 133 3028 .
167 2946 243 3003 licet
265 2941 457 3020 syphiliticae
480 2939 584 2997 fuisset
610 2939 734 3009 indolis,
768 2964 875 3003 verum
896 2965 935 3023 ex
953 2967 1008 3004 usu
1025 2945 1252 3021 Mercurialium

172 3049 297 3118 oriatur,
314 3047 534 3106 Mercurialium
547 3054 647 3102 autem
657 3055 829 3122 praeparata
839 3048 999 3105 recentiori
991 3047 1126 3106 demum
1139 3058 1253 3124 tempo-

173 3177 205 3218 re
215 3157 275 3214 sint
288 3154 460 3233 composita,
472 3173 530 3210 non
544 3151 642 3222 video,
656 3151 803 3229 quomodo
813 3172 847 3209 ex
860 3152 994 3211 hocloco
1005 3143 1086 3209 certa
1095 3172 1254 3230 argumen

173 3273 204 3319 ta
219 3258 537 3335 deducerepossimus
559 3255 693 3334 quibus
688 3254 841 3313 credamus
859 3255 1055 3333 legislatorem
1073 3254 1255 3314 Hebraicum
1295 3315 1298 3320 ,

175 3365 225 3424 hie
242 3365 278 3421 tle
298 3364 428 3421 morbosa
444 3361 570 3442 quadam
590 3360 764 3420 salivatione
781 3363 936 3439 cogitasse3
958 3381 1005 3417 me
1022 3342 1141 3436 judice,
1164 3378 1257 3436 exeo

177 3456 275 3546 potius
294 3477 391 3546 patet,
414 3456 531 3546 quanta
546 3464 638 3545 hujus
663 3463 827 3524 affectionis
846 3463 1004 3544 impuritas
1020 3465 1100 3543 apud
1113 3462 1257 3525 Hebraeos

175 3574 191 3632 s
191 3561 276 3632 uerit.
285 3610 289 3617 -
297 3559 361 3631 Hoc
371 3571 458 3629 ctiam
470 3564 550 3628 valet
558 3570 594 3628 de
605 3569 779 3649 impuritate
790 3590 929 3642 vasorum
949 3568 1087 3627 fictilium
1099 3567 1253 3645 etligueo·

177 3674 365 3754 rum,quibus
374 3674 445 3733 haec
456 3675 617 3733 certissime
630 3695 689 3732 uon
700 3674 736 3730 ob
746 3672 839 3730 morbi
850 3672 1015 3750 contagium
1025 3672 1255 3751 imponebatur,

172 3807 345 3822 Ἤ

211 3877 258 3931 (82)
275 3877 318 3917 Die
334 3877 470 3918 Lus-tseuclre
484 3882 526 3919 stc.
537 3892 563 3932 φ.
578 3875 629 3919 306.
658 3852 661 3859 ·

211 3958 258 4014 (83)
277 3957 313 4000 Cf.
329 3958 384 4012 Ejus
398 3966 474 4001 annot.
488 3960 513 4000 in
528 3959 587 4001 hune
600 3962 684 4002 locum.
716 3961 790 4002 Etiam
805 3958 938 4000 nmmum.
954 3955 991 3997 Cf.
1006 3955 1023 3998 l.
1038 3967 1057 3994 c.

209 4039 255 4098 (84)
273 4041 288 4082 l.
305 4055 324 4082 c⁴
339 4055 361 4095 p.
377 4039 429 4085 302.
