2754 4710
530 464 792 546 fl-rs-

151 624 199 682 bos
221 623 364 695 miserat,
387 621 476 679 etiam
499 641 603 680 eorum
637 621 727 681 suisse
747 624 939 682 sanationem.
984 625 1016 685 Si
1036 627 1118 685 enirn
1138 629 1231 685 morbi

149 735 233 784 erant
249 724 397 803 supplicia
424 745 479 804 pro
499 725 625 803 peccatis
642 726 756 787 inllicta
766 774 775 805 ,
799 749 906 801 nemo,
930 730 988 789 nisi
1008 731 1061 810 qni
1078 731 1233 791 inflixerat

151 853 197 892 eos
208 879 217 908 ,
240 831 356 890 eosdem
375 832 484 890 tollere
503 841 629 911 poterat.
672 832 710 890 Et
722 853 826 892 revera
847 833 879 891 in
901 833 1037 891 omnibus
1049 833 1086 892 iis
1107 836 1230 907 casibus,

148 938 180 995 in
200 935 310 1018 quibus
331 935 477 1014 expressis
498 935 595 994 verbis
613 934 650 993 de
667 937 776 996 morbis
796 958 813 994 a
832 936 947 996 Jelrova
968 937 1113 1015 puniendi
1131 960 1233 999 caussa

148 1045 279 1103 inmissis
297 1042 411 1102 mentio
425 1053 470 1101 est
487 1043 585 1118 saeta,
605 1042 629 1102 si
648 1042 715 1120 quis
730 1052 831 1121 postea
850 1043 931 1101 hisce
947 1042 1133 1116 liberaretur,
1153 1047 1235 1104 Deus

147 1146 260 1208 lebova
276 1167 393 1226 semper
411 1147 553 1206 liberator
568 1145 694 1206 exstitit.
739 1147 788 1206 Sic
806 1147 859 1225 qni
879 1146 1007 1206 Mariam
1027 1145 1112 1225 lepra
1131 1146 1236 1206 allece-

143 1261 205 1325 rat,
230 1253 308 1312 Mose
335 1251 530 1330 deprecante,
560 1251 683 1311 eandem
703 1252 806 1310 morbo
824 1251 944 1310 sanavit
960 1250 1093 1326 Jelrova3
1116 1260 1147 1309 et
1167 1271 1233 1330 pes-

146 1369 224 1433 tem,
247 1380 306 1438 qua
335 1359 481 1438 populum
505 1359 726 1438 conspirantem
754 1356 967 1428 inlestaverat,
991 1357 1027 1416 ab
1045 1355 1149 1414 eodem
1170 1377 1235 1415 sus-

147 1463 236 1535 tulit,
259 1471 416 1541 postquam
442 1462 565 1522 Aharon
588 1483 644 1541 pro
664 1460 778 1538 populo
797 1460 977 1519 sacrificavit
994 1470 1024 1519 et
1041 1459 1234 1540 supplicavit.

147 1566 258 1626 Eodem
275 1566 364 1624 modo
385 1566 517 1626 Jehovae
536 1567 616 1625 iram
642 1566 775 1646 placavit
804 1587 856 1626 rex
888 1568 1005 1644 David,
1040 1576 1075 1626 ut
1104 1589 1121 1626 a
1154 1578 1235 1647 peste

147 1670 276 1751 populus
297 1669 477 1730 liberaretur
498 1668 576 1752 (27).
619 1669 701 1742 Quin
717 1669 840 1729 Hebraei
854 1669 914 1748 ipsi
928 1669 1044 1744 dieunt,
1061 1671 1233 1729 morborum

146 1775 330 1835 sanationem
341 1774 481 1836 aJehova
502 1776 578 1834 effici
592 1776 653 1858 (Pa.
675 1772 756 1832 CIII.
778 1775 821 1853 3.)
831 1782 862 1832 et
876 1793 937 1832 esse
954 1773 1134 1832 medicinam
1151 1774 1232 1832 abeo

149 1878 360 1960 (Ecclesiastie.
389 1879 553 1938 XXXVIII.
575 1876 635 1957 2.);
657 1898 750 1957 quare
779 1887 809 1935 et
831 1894 884 1936 rex
907 1877 1026 1938 Salomo
1045 1878 1079 1935 iu
1096 1877 1229 1956 hymno,

145 2004 249 2062 quem,
284 2003 353 2040 arca
379 1984 411 2040 in
433 1982 593 2061 Templum
614 1983 731 2059 delata,
751 1983 786 2040 in
809 1982 941 2042 Jehovae
965 1982 1110 2041 honorem
1129 1992 1233 2042 canta-

146 2088 210 2162 vit,
233 2106 293 2144 non
313 2085 410 2145 solum
420 2084 594 2164 deprecatus
611 2096 665 2161 est,
685 2096 721 2145 ut
740 2086 849 2145 samem
866 2087 998 2167 aliasque
1018 2087 1116 2146 clades
1133 2087 1233 2146 auser-

145 2200 201 2267 ret‚
222 2191 274 2251 sed
304 2189 395 2250 etiam
422 2190 641 2270 pestilentiam,
673 2188 697 2249 si
716 2189 845 2271 populus
866 2210 972 2249 manus
992 2188 1029 2248 ad
1049 2191 1141 2250 hocce
1157 2201 1234 2250 tem-

147 2295 421 2376 plumextenderet.
444 2294 566 2377 (LReg.
588 2294 669 2354 VIII.
691 2294 741 2357 37.
764 2317 842 2376 sqq,
864 2296 892 2356 Il
906 2295 1018 2356 Chron.
1029 2295 1141 2360 v1.28·
1152 2297 1233 2376 sqq.)

658 2505 723 2581 ss.

191 2719 274 2790 Quae
305 2716 375 2773 licet
403 2714 445 2771 ita
468 2714 539 2786 sint,
562 2712 601 2770 iis
620 2722 720 2771 tamen
737 2733 799 2771 non
815 2715 970 2790 assentior,
984 2715 1052 2793 qui,
1076 2714 1121 2773 uti
1142 2715 1229 2775 llarle
1318 2729 1321 2735 ‘

150 2821 216 2905 (28)
228 2868 236 2897 ,
258 2820 382 2894 dicunt,
406 2820 505 2877 Deum
523 2827 616 2875 totam
647 2819 833 2876 curationem
851 2819 1021 2877 morborum
1040 2820 1232 2880 internorum
1335 2850 1338 2855 ·

147 2926 202 2985 sibi
224 2942 393 3001 arrogasse,
415 2919 464 2979 sed
486 2919 642 2977 hominum
655 2921 715 2979 arti
730 2922 884 3001 reliquisse
902 2945 1005 2982 curam
1017 2933 1232 3001 externorum,

150 3030 262 3108 quippe
282 3026 336 3107 qui
351 3034 457 3085 curata
472 3024 533 3082 sint
551 3022 710 3084 faciliores.
750 3028 972 3104 Argumentum
992 3038 1100 3107 petunt
1121 3049 1158 3088 ex
1175 3029 1233 3106 iis,

149 3155 225 3216 quae
252 3135 318 3213 lpse
346 3151 399 3191 suo
429 3129 540 3210 popolo
558 3128 675 3187 Jehova
692 3127 813 3189 dixerat
833 3129 973 3210 (linos.
994 3131 1062 3198 XV,
1080 3130 1153 3209 26):
1176 3133 1232 3193 asi

150 3239 205 3298 sibi
224 3236 354 3299 Jehorae
363 3281 373 3312 ,
395 3237 460 3293 Deo
477 3255 544 3306 sno,
568 3232 650 3292 dicto
674 3232 830 3293 audientes
846 3244 959 3312 essent,
981 3254 1109 3315 suaeque
1129 3244 1159 3295 et
1177 3255 1234 3296 vo-

151 3341 260 3401 luntati
289 3346 431 3420 parerent
453 3346 484 3396 et
503 3337 669 3418 praeceptis
701 3336 894 3397 intenderent
919 3348 949 3397 et
969 3339 1111 3399 instituta
1130 3341 1232 3400 omnia

150 3455 318 3517 servarent,
344 3463 404 3503 sese
424 3442 463 3501 iis
478 3441 597 3502 nullum
615 3442 768 3516 morbum,
799 3443 966 3522 cujusmodi
999 3443 1154 3524 Aegyptiis
1173 3444 1233 3502 im-

153 3561 314 3631 portasset,
336 3569 397 3608 esse
412 3547 590 3606 illaturum:
612 3566 673 3606 sese
689 3547 771 3607 enim
789 3569 858 3608 eum
875 3569 935 3609 esse
948 3547 1112 3627 Jehovam,
1129 3551 1186 3632 qm’
1195 3551 1233 3610 iis

154 3656 355 3724 mederetur‚’'
400 3652 458 3713 Sed
473 3653 507 3712 in
528 3651 576 3710 his
591 3651 710 3727 verbis,
734 3673 782 3712 me
801 3652 917 3732 judice,
942 3654 1041 3714 miuus
1058 3652 1096 3713 de
1114 3657 1234 3716 morbo-

180 3851 228 3912 (27)
245 3852 282 3895 Cl‘.
299 3851 344 3896 IV.
357 3851 415 3894 Mos.
430 3851 484 3894 XII:
502 3849 537 3894 ts.
558 3864 608 3906 sqq.
628 3851 695 3897 XVI:
710 3849 747 3897 4⁵.
761 3866 811 3909 sqq.
828 3853 857 3896 11.
878 3853 938 3897 Sam.
951 3855 1041 3901 xx1v=
1062 3852 1099 3901 25.
1114 3879 1145 3892 -
1159 3855 1196 3900 ct.
1210 3858 1230 3900 1.

153 3934 235 3977 Chrou.
256 3933 320 3974 XXI:
338 3931 374 3974 26.

184 4016 231 4072 (28)
248 4018 286 4060 Aa
301 4015 416 4058 historical
432 4017 502 4072 Essay
515 4023 557 4059 etc.
580 4031 604 4071 p,
617 4013 639 4060 5.
