2754 4710
503 467 703 526 ..99-

70 631 180 713 quibus
188 631 275 692 factis
283 629 466 708 desiitpestis
475 626 553 708 (67).
561 626 842 687 Ethaecrationalis
851 629 996 690 medicine
1005 636 1148 711 quaedam

74 745 142 797 erat
162 734 288 814 species,
310 733 356 792 uti
375 733 512 791 observat
531 733 581 791 vir
601 732 675 793 clar.
693 751 754 791 van
766 731 1146 820 LimburgBrouwer(68):

72 843 99 902 si
111 841 191 900 enim
203 839 374 900 morborum
386 856 516 897 caussam
528 837 605 896 iram
615 839 747 897 Deorum
756 837 916 913 habebant,
937 838 984 900 his
1002 843 1153 922 placandis

74 944 201 1006 caussali
219 925 397 1003 indicationi
417 939 641 1001 satisfaciebant.
667 939 773 1020 Apollo
790 941 892 1022 itaque
910 965 1005 1024 quum
1026 944 1150 1009 Graecos

77 1059 160 1132 peste
178 1047 333 1120 liberaret,
351 1047 485 1108 nondum
500 1046 537 1104 ad
557 1045 634 1104 Deos
649 1045 777 1106 medicos
791 1047 958 1124 pertinebat
966 1071 978 1131 3¹
992 1071 1063 1111 nam
1081 1054 1152 1132 qui-

75 1174 194 1234 cunque
216 1155 299 1215 Dens
319 1153 454 1215 morbum
483 1151 613 1232 aliquem
637 1149 794 1209 immisisse
820 1132 1012 1225 credebatur,
1038 1155 1152 1234 placari

70 1257 204 1332 solebat,
224 1276 323 1336 neque
348 1255 414 1314 ideo
440 1256 517 1315 Dens
538 1253 669 1314 medicus
692 1252 863 1313 habebatur.
893 1254 1054 1333 Alioquin,
1079 1268 1153 1336 quot

75 1363 131 1430 Dii
151 1361 222 1422 irati
245 1360 362 1418 morbos
390 1359 603 1434 immisissent,
629 1366 675 1417 tot
700 1358 791 1419 etiam
811 1359 866 1419 Dii
883 1360 1050 1421 medicinae
1069 1371 1150 1423 tute·

70 1468 149 1527 lares
169 1464 310 1538 fuissent3
330 1463 409 1542 quud
422 1463 466 1522 ita
486 1461 645 1538 accidisse,
667 1460 792 1521 historia
808 1462 932 1522 minime
955 1463 1050 1522 docet·
1093 1467 1151 1526 Mi·

74 1590 170 1632 nerva
182 1566 329 1627 Teuthide
347 1576 489 1644 tanquam
507 1568 570 1625 Dea
591 1563 706 1624 medice
722 1564 802 1624 culta
822 1564 914 1627 fuisse
931 1587 993 1626 non
1018 1568 1150 1646 videtur,

75 1692 173 1755 quum
200 1669 337 1729 morbum
366 1669 504 1744 letalem,
534 1688 625 1748 quem
655 1667 760 1728 incolis
779 1668 960 1744 immiserat,
985 1672 1152 1735 abstulissat

75 1779 134 1858 ipsi
156 1777 192 1835 ab
217 1775 326 1836 incolis
354 1773 513 1833 simulacro
538 1781 654 1846 erect03
686 1792 782 1850 neque
809 1775 899 1833 etiam
924 1777 1001 1854 apud
1034 1776 1149 1856 Lydos,

73 1900 171 1959 quum
199 1898 252 1938 rex
280 1877 413 1955 Alyattes
443 1877 546 1935 morbo
575 1897 627 1935 suo
659 1877 874 1951 convaluisset,
895 1880 1058 1941 aedificatis
1078 1883 1154 1940 duo-

75 1987 130 2045 bus
147 1985 181 2043 in
206 1986 286 2042 Deae
304 1981 448 2044 honorem
466 1981 596 2061 templis.
639 1982 810 2057 Patrenses,
830 2002 925 2060 quum
944 1982 1042 2041 oblato
1059 1985 1153 2044 sacri-
1220 2002 1229 2021 ⁶

71 2089 143 2149 ficio
163 2087 294 2146 humano
311 2084 464 2144 vesaniam
480 2080 679 2162 depulissent,
701 2102 792 2161 quam
809 2082 918 2145 Bacchi
933 2083 997 2142 irae
1014 2086 1150 2167 adscrip-

72 2201 196 2264 serunt,
215 2188 337 2270 posthac
359 2189 393 2246 in
414 2187 526 2247 morbis
544 2187 691 2251 Bacchum
707 2186 857 2246 medicum
877 2185 1048 2260 invocasse,
1067 2190 1153 2250 nullo

72 2298 141 2356 loco
160 2303 284 2354 constat.
327 2295 423 2368 Quum
446 2291 539 2371 igitur·
558 2312 661 2352 omnes
681 2292 736 2352 Dii
752 2293 825 2351 irati
844 2292 963 2351 morbos
991 2291 1153 2355 immittere

73 2411 106 2460 et
128 2397 237 2480 placati
268 2417 317 2456 eos
346 2397 451 2458 tollere
479 2405 614 2474 pressent,
645 2397 828 2457 necessitudo
856 2396 936 2478 apud
954 2406 1070 2458 veteres
1088 2409 1153 2459 erat

74 2505 158 2563 inter
188 2523 290 2562 omnes
318 2502 397 2562 Deos
419 2508 450 2559 et
467 2501 665 2563 medicinam:
688 2503 738 2563 sed
758 2512 876 2583 praeter
893 2501 971 2564 hanc
989 2504 1153 2582 generalio-

73 2630 162 2685 rem,
191 2608 335 2688 quaedam
360 2605 494 2687 specialis
513 2608 630 2667 exstitit
646 2608 728 2667 inter
744 2619 840 2668 artem
860 2617 994 2668 nostram
1011 2619 1042 2668 et
1056 2630 1153 2669 unum

73 2714 266 2791 alterumque
286 2712 439 2783 Deorum,
470 2729 560 2789 quem
588 2731 659 2790 prae
686 2713 808 2771 caeteris
835 2712 972 2775 omnibus
997 2714 1071 2772 artis
1089 2735 1153 2773 me-

74 2815 168 2877 dendi
183 2813 342 2873 tutelarem
362 2811 580 2871 existimabant.
600 2826 604 2833 '

586 3018 651 3093 aa.

124 3231 184 3318 Ad
197 3231 251 3291 hos
272 3238 369 3289 autem
395 3227 493 3308 primo
512 3226 578 3284 loco
596 3226 759 3287 censendus
778 3241 823 3290 est
844 3233 961 3312 Apollo.
1003 3236 1105 3309 Quum
1121 3237 1155 3297 in

79 3337 172 3399 inias
198 3335 365 3411 medicina,
391 3333 438 3393 aa
463 3341 565 3413 postea
583 3331 798 3414 inarabimus,
816 3358 834 3394 a
856 3320 1060 3402 sacerdotibus
1078 3343 1158 3402 vae-

77 3447 192 3523 busque
222 3430 427 3512 exerceretur,
449 3437 557 3518 quibus
576 3435 673 3497 omnis
693 3436 836 3517 sapientia
853 3443 1010 3523 omnisque
1023 3446 1060 3505 de
1071 3447 1158 3506 rebus

79 3557 208 3609 naturae
228 3545 352 3606 scientia
368 3553 432 3604 erat
447 3541 577 3618 tradita,
599 3539 791 3603 mirationem
818 3546 915 3627 iacere
946 3550 1074 3630 nequit,
1093 3571 1157 3610 me·

78 3650 212 3712 dicinam
237 3647 383 3727 Apollinis
411 3646 506 3723 tutela
535 3644 595 3706 niti
618 3664 679 3703 esse
712 3645 873 3724 creditam,
905 3649 1015 3732 quippe
1047 3653 1101 3732 qui
1118 3652 1156 3712 iis

112 3868 161 3922 (ar)
178 3866 208 3908 11.
224 3849 264 3901 A4
277 3878 311 3907 a.
327 3862 379 3905 sss.
400 3860 437 3904 cs.
447 3838 507 3910 'ma
536 3860 578 3906 443
593 3878 642 3920 sqq.
655 3880 690 3908 vs.
705 3863 748 3910 ass
766 3854 799 3924 ἐς.

111 3950 160 4003 (68)
177 3944 373 3999 Verbandalingen
386 3956 413 3986 eu
426 3945 482 3988 losse
493 3945 638 3990 (lecebriften
650 3960 695 3991 van
713 3949 740 3992 Ρ.
755 3964 800 3994 van
814 3951 925 3996 amasne
942 3954 1070 4000 Baouwrn.
1095 3957 1156 3999 Gra:

82 4027 189 4090 ningen,
205 4027 268 4072 1836.
285 4042 308 4083 p.
321 4025 372 4070 213.
606 4020 609 4027 ’

992 4122 1035 4179 7*
