<?xml version="1.0" encoding="UTF-8"?>
<!DOCTYPE html PUBLIC "-//W3C//DTD XHTML 1.0 Transitional//EN"
    "http://www.w3.org/TR/xhtml1/DTD/xhtml1-transitional.dtd">
<html xmlns="http://www.w3.org/1999/xhtml" xml:lang="en" lang="en">
 <head>
  <title>
</title>
<meta http-equiv="Content-Type" content="text/html;charset=utf-8" />
  <meta name='ocr-system' content='tesseract 3.04.00' />
  <meta name='ocr-capabilities' content='ocr_page ocr_carea ocr_par ocr_line ocrx_word'/>
</head>
<body>
  <div class='ocr_page' id='page_1' title='image "./dissertatiohist00sijbgoog_0224.png"; bbox 0 0 2754 4710; ppageno 0'>
   <div class='ocr_carea' id='block_1_1' title="bbox 580 439 799 500">
    <p class='ocr_par' dir='ltr' id='par_1_1' title="bbox 580 439 799 500">
     <span class='ocr_line' id='line_1_1' title="bbox 580 439 799 500; baseline -0.009 -1"><span class='ocrx_word' id='word_1_1' title='bbox 580 439 799 500; x_wconf 82' lang='lat'><strong>-207-</strong></span> 
     </span>
    </p>
   </div>
   <div class='ocr_carea' id='block_1_2' title="bbox 142 600 1234 1831">
    <p class='ocr_par' dir='ltr' id='par_1_2' title="bbox 142 600 1234 1831">
     <span class='ocr_line' id='line_1_2' title="bbox 142 600 1227 681; baseline -0.002 -22"><span class='ocrx_word' id='word_1_2' title='bbox 142 602 216 680; x_wconf 89' lang='lat' dir='ltr'><strong>lapii</strong></span> <span class='ocrx_word' id='word_1_3' title='bbox 246 600 354 680; x_wconf 87' lang='lat' dir='ltr'><strong>templa</strong></span> <span class='ocrx_word' id='word_1_4' title='bbox 382 601 459 680; x_wconf 88' lang='grc'><strong>(21).</strong></span> <span class='ocrx_word' id='word_1_5' title='bbox 512 600 657 681; x_wconf 81' lang='lat' dir='ltr'><strong>Epidauri</strong></span> <span class='ocrx_word' id='word_1_6' title='bbox 685 600 758 660; x_wconf 89' lang='lat' dir='ltr'><strong>haee</strong></span> <span class='ocrx_word' id='word_1_7' title='bbox 790 602 863 659; x_wconf 80' lang='lat' dir='ltr'><strong>festa</strong></span> <span class='ocrx_word' id='word_1_8' title='bbox 891 601 1000 680; x_wconf 80' lang='lat' dir='ltr'><strong>quovis</strong></span> <span class='ocrx_word' id='word_1_9' title='bbox 1017 602 1125 679; x_wconf 90' lang='lat' dir='ltr'><strong>quinto</strong></span> <span class='ocrx_word' id='word_1_10' title='bbox 1147 622 1227 658; x_wconf 76' lang='lat' dir='ltr'><strong>asino</strong></span> 
     </span>
     <span class='ocr_line' id='line_1_3' title="bbox 142 703 1227 785; baseline 0.002 -22"><span class='ocrx_word' id='word_1_11' title='bbox 142 704 194 763; x_wconf 88' lang='lat' dir='ltr'><strong>die</strong></span> <span class='ocrx_word' id='word_1_12' title='bbox 211 725 312 780; x_wconf 90' lang='lat' dir='ltr'><strong>nono,</strong></span> <span class='ocrx_word' id='word_1_13' title='bbox 331 713 486 784; x_wconf 77' lang='lat' dir='ltr'><strong>postquam</strong></span> <span class='ocrx_word' id='word_1_14' title='bbox 509 703 571 762; x_wconf 91' lang='lat' dir='ltr'><strong>ludi</strong></span> <span class='ocrx_word' id='word_1_15' title='bbox 592 705 708 764; x_wconf 88' lang='lat' dir='ltr'><strong>lsthmii</strong></span> <span class='ocrx_word' id='word_1_16' title='bbox 732 705 923 785; x_wconf 81' lang='lat' dir='ltr'>inceperant,</span> <span class='ocrx_word' id='word_1_17' title='bbox 944 707 1042 765; x_wconf 88' lang='lat' dir='ltr'><strong>locum</strong></span> <span class='ocrx_word' id='word_1_18' title='bbox 1064 706 1227 780; x_wconf 80' lang='lat' dir='ltr'><strong>habebant5</strong></span> 
     </span>
     <span class='ocr_line' id='line_1_4' title="bbox 146 808 1229 893; baseline 0.003 -27"><span class='ocrx_word' id='word_1_19' title='bbox 146 810 188 867; x_wconf 90' lang='lat' dir='ltr'><strong>ah</strong></span> <span class='ocrx_word' id='word_1_20' title='bbox 212 808 385 886; x_wconf 89' lang='lat' dir='ltr'><strong>Epidauriis</strong></span> <span class='ocrx_word' id='word_1_21' title='bbox 410 819 509 868; x_wconf 91' lang='lat' dir='ltr'><strong>autem</strong></span> <span class='ocrx_word' id='word_1_22' title='bbox 532 810 585 868; x_wconf 89' lang='lat' dir='ltr'><strong>illa</strong></span> <span class='ocrx_word' id='word_1_23' title='bbox 611 811 720 890; x_wconf 78' lang='lat' dir='ltr'><strong>Argivi</strong></span> <span class='ocrx_word' id='word_1_24' title='bbox 751 822 928 890; x_wconf 87' lang='lat' dir='ltr'><strong>acceperunt</strong></span> <span class='ocrx_word' id='word_1_25' title='bbox 952 811 1030 893; x_wconf 90' lang='grc'><strong>(22).</strong></span> <span class='ocrx_word' id='word_1_26' title='bbox 1072 813 1155 871; x_wconf 81' lang='lat' dir='ltr'><strong>Festa</strong></span> <span class='ocrx_word' id='word_1_27' title='bbox 1175 812 1229 870; x_wconf 84' lang='lat' dir='ltr'><strong>ills</strong></span> 
     </span>
     <span class='ocr_line' id='line_1_5' title="bbox 146 912 1228 995; baseline 0.005 -27"><span class='ocrx_word' id='word_1_28' title='bbox 146 912 299 990; x_wconf 80' lang='lat' dir='ltr'><strong>imprimis</strong></span> <span class='ocrx_word' id='word_1_29' title='bbox 337 913 448 971; x_wconf 78' lang='lat' dir='ltr'><strong>facium</strong></span> <span class='ocrx_word' id='word_1_30' title='bbox 485 913 694 992; x_wconf 75' lang='lat' dir='ltr'><strong>gestationibus</strong></span> <span class='ocrx_word' id='word_1_31' title='bbox 729 914 930 995; x_wconf 76' lang='grc' dir='ltr'><strong>(δᾳδουχίαις)</strong></span> <span class='ocrx_word' id='word_1_32' title='bbox 967 925 1052 975; x_wconf 89' lang='lat' dir='ltr'><strong>erant</strong></span> <span class='ocrx_word' id='word_1_33' title='bbox 1081 916 1228 994; x_wconf 79' lang='lat' dir='ltr'><strong>insignia,</strong></span> 
     </span>
     <span class='ocr_line' id='line_1_6' title="bbox 146 1016 1229 1099; baseline 0.001 -24"><span class='ocrx_word' id='word_1_34' title='bbox 146 1016 287 1094; x_wconf 88' lang='lat' dir='ltr'><strong>ludisque</strong></span> <span class='ocrx_word' id='word_1_35' title='bbox 326 1017 472 1096; x_wconf 77' lang='lat' dir='ltr'><strong>gymnicis</strong></span> <span class='ocrx_word' id='word_1_36' title='bbox 503 1039 536 1075; x_wconf 89' lang='lat' dir='ltr'><strong>ao</strong></span> <span class='ocrx_word' id='word_1_37' title='bbox 566 1024 721 1096; x_wconf 70' lang='lat' dir='ltr'><strong>poetarum</strong></span> <span class='ocrx_word' id='word_1_38' title='bbox 757 1021 985 1095; x_wconf 79' lang='lat' dir='ltr'><strong>certaminibus,</strong></span> <span class='ocrx_word' id='word_1_39' title='bbox 1017 1020 1119 1099; x_wconf 90' lang='lat' dir='ltr'><strong>qualia</strong></span> <span class='ocrx_word' id='word_1_40' title='bbox 1138 1021 1229 1078; x_wconf 84' lang='lat' dir='ltr'><strong>etiarn</strong></span> 
     </span>
     <span class='ocr_line' id='line_1_7' title="bbox 147 1122 1231 1204; baseline -0.001 -23"><span class='ocrx_word' id='word_1_41' title='bbox 147 1123 321 1181; x_wconf 79' lang='lat' dir='ltr'><strong>Alexander</strong></span> <span class='ocrx_word' id='word_1_42' title='bbox 345 1123 383 1181; x_wconf 81' lang='lat' dir='ltr'><strong>atl</strong></span> <span class='ocrx_word' id='word_1_43' title='bbox 409 1124 512 1182; x_wconf 87' lang='lat' dir='ltr'><strong>urbem</strong></span> <span class='ocrx_word' id='word_1_44' title='bbox 531 1125 614 1182; x_wconf 89' lang='lat' dir='ltr'><strong>Solos</strong></span> <span class='ocrx_word' id='word_1_45' title='bbox 630 1123 777 1200; x_wconf 82' lang='lat' dir='ltr'><strong>peregisse</strong></span> <span class='ocrx_word' id='word_1_46' title='bbox 799 1134 940 1182; x_wconf 82' lang='lat' dir='ltr'><strong>narratur</strong></span> <span class='ocrx_word' id='word_1_47' title='bbox 957 1122 1033 1204; x_wconf 83' lang='lat'>(23).</span> <span class='ocrx_word' id='word_1_48' title='bbox 1075 1123 1231 1182; x_wconf 88' lang='lat' dir='ltr'><strong>Festorum</strong></span> 
     </span>
     <span class='ocr_line' id='line_1_8' title="bbox 149 1225 1232 1307; baseline -0.003 -21"><span class='ocrx_word' id='word_1_49' title='bbox 149 1230 183 1286; x_wconf 92' lang='lat' dir='ltr'><strong>in</strong></span> <span class='ocrx_word' id='word_1_50' title='bbox 203 1227 371 1307; x_wconf 80' lang='lat' dir='ltr'><strong>Aesculapii</strong></span> <span class='ocrx_word' id='word_1_51' title='bbox 391 1227 534 1286; x_wconf 89' lang='lat' dir='ltr'><strong>honorem</strong></span> <span class='ocrx_word' id='word_1_52' title='bbox 555 1227 791 1301; x_wconf 84' lang='lat' dir='ltr'><strong>celebratorum,</strong></span> <span class='ocrx_word' id='word_1_53' title='bbox 817 1227 1032 1305; x_wconf 89' lang='lat' dir='ltr'><strong>hominumque</strong></span> <span class='ocrx_word' id='word_1_54' title='bbox 1054 1225 1141 1285; x_wconf 87' lang='lat' dir='ltr'><strong>adea</strong></span> <span class='ocrx_word' id='word_1_55' title='bbox 1160 1247 1232 1284; x_wconf 89' lang='lat' dir='ltr'><strong>con-</strong></span> 
     </span>
     <span class='ocr_line' id='line_1_9' title="bbox 150 1329 1232 1411; baseline -0.002 -22"><span class='ocrx_word' id='word_1_56' title='bbox 150 1331 255 1390; x_wconf 84' lang='lat' dir='ltr'><strong>fluxus</strong></span> <span class='ocrx_word' id='word_1_57' title='bbox 281 1331 464 1390; x_wconf 88' lang='lat' dir='ltr'><strong>mentionem</strong></span> <span class='ocrx_word' id='word_1_58' title='bbox 493 1331 565 1390; x_wconf 87' lang='lat' dir='ltr'><strong>sacit</strong></span> <span class='ocrx_word' id='word_1_59' title='bbox 594 1331 685 1389; x_wconf 87' lang='lat' dir='ltr'><strong>etiam</strong></span> <span class='ocrx_word' id='word_1_60' title='bbox 720 1330 861 1390; x_wconf 85' lang='lat' dir='ltr'><strong>Aristides</strong></span> <span class='ocrx_word' id='word_1_61' title='bbox 887 1329 965 1411; x_wconf 83' lang='grc'><strong>(24).</strong></span> <span class='ocrx_word' id='word_1_62' title='bbox 1015 1330 1063 1389; x_wconf 91' lang='lat' dir='ltr'><strong>Ad</strong></span> <span class='ocrx_word' id='word_1_63' title='bbox 1086 1331 1161 1389; x_wconf 84' lang='lat' dir='ltr'><strong>festa</strong></span> <span class='ocrx_word' id='word_1_64' title='bbox 1177 1330 1232 1388; x_wconf 87' lang='lat' dir='ltr'><strong>illa</strong></span> 
     </span>
     <span class='ocr_line' id='line_1_10' title="bbox 149 1435 1233 1517; baseline -0.002 -22"><span class='ocrx_word' id='word_1_65' title='bbox 149 1437 301 1517; x_wconf 80' lang='lat' dir='ltr'><strong>pertinuit</strong></span> <span class='ocrx_word' id='word_1_66' title='bbox 331 1438 423 1497; x_wconf 86' lang='lat' dir='ltr'><strong>etiam</strong></span> <span class='ocrx_word' id='word_1_67' title='bbox 453 1437 529 1497; x_wconf 91' lang='lat' dir='ltr'><strong>illud</strong></span> <span class='ocrx_word' id='word_1_68' title='bbox 557 1435 654 1496; x_wconf 89' lang='lat' dir='ltr'><strong>baculi</strong></span> <span class='ocrx_word' id='word_1_69' title='bbox 683 1435 871 1494; x_wconf 85' lang='lat' dir='ltr'><strong>assumtionis</strong></span> <span class='ocrx_word' id='word_1_70' title='bbox 890 1436 939 1495; x_wconf 84' lang='lat' dir='ltr'><strong>vel</strong></span> <span class='ocrx_word' id='word_1_71' title='bbox 955 1435 1090 1494; x_wconf 89' lang='lat' dir='ltr'><strong>elationis</strong></span> <span class='ocrx_word' id='word_1_72' title='bbox 1110 1438 1233 1513; x_wconf 76' lang='grc' dir='ltr'><strong>(ῥαβδου</strong></span> 
     </span>
     <span class='ocr_line' id='line_1_11' title="bbox 154 1538 1232 1620; baseline -0.003 -20"><span class='ocrx_word' id='word_1_73' title='bbox 154 1544 170 1614; x_wconf 81' lang='grc' dir='ltr'><em>ἦ</em></span> <span class='ocrx_word' id='word_1_74' title='bbox 197 1541 375 1620; x_wconf 78' lang='grc' dir='ltr'><strong><em>ἀνάληψις),</em></strong></span> <span class='ocrx_word' id='word_1_75' title='bbox 406 1541 487 1620; x_wconf 87' lang='lat' dir='ltr'><strong>quod</strong></span> <span class='ocrx_word' id='word_1_76' title='bbox 514 1541 731 1620; x_wconf 83' lang='lat' dir='ltr'><strong>quovisanno</strong></span> <span class='ocrx_word' id='word_1_77' title='bbox 757 1538 790 1597; x_wconf 90' lang='lat' dir='ltr'><strong>in</strong></span> <span class='ocrx_word' id='word_1_78' title='bbox 825 1540 867 1598; x_wconf 92' lang='lat' dir='ltr'><strong>Co</strong></span> <span class='ocrx_word' id='word_1_79' title='bbox 892 1560 998 1619; x_wconf 83' lang='lat' dir='ltr'><strong>magns</strong></span> <span class='ocrx_word' id='word_1_80' title='bbox 1024 1560 1092 1599; x_wconf 89' lang='lat' dir='ltr'><strong>cum</strong></span> <span class='ocrx_word' id='word_1_81' title='bbox 1124 1559 1232 1617; x_wconf 88' lang='lat' dir='ltr'><strong>pompa</strong></span> 
     </span>
     <span class='ocr_line' id='line_1_12' title="bbox 150 1643 1234 1725; baseline 0 -22"><span class='ocrx_word' id='word_1_82' title='bbox 150 1644 332 1704; x_wconf 89' lang='lat' dir='ltr'><strong>celebratum</strong></span> <span class='ocrx_word' id='word_1_83' title='bbox 361 1646 465 1720; x_wconf 82' lang='lat' dir='ltr'><strong>luisse,</strong></span> <span class='ocrx_word' id='word_1_84' title='bbox 493 1654 575 1724; x_wconf 87' lang='lat' dir='ltr'><strong>patet</strong></span> <span class='ocrx_word' id='word_1_85' title='bbox 597 1664 634 1704; x_wconf 80' lang='lat' dir='ltr'><strong>ex</strong></span> <span class='ocrx_word' id='word_1_86' title='bbox 653 1643 785 1722; x_wconf 85' lang='lat' dir='ltr'><strong>Epistola</strong></span> <span class='ocrx_word' id='word_1_87' title='bbox 806 1645 843 1703; x_wconf 87' lang='lat' dir='ltr'><strong>ad</strong></span> <span class='ocrx_word' id='word_1_88' title='bbox 861 1645 1035 1721; x_wconf 84' lang='lat' dir='ltr'><strong>Abderitas,</strong></span> <span class='ocrx_word' id='word_1_89' title='bbox 1057 1666 1136 1725; x_wconf 91' lang='lat' dir='ltr'><strong>quae</strong></span> <span class='ocrx_word' id='word_1_90' title='bbox 1156 1645 1234 1724; x_wconf 82' lang='lat' dir='ltr'><strong>liip-</strong></span> 
     </span>
     <span class='ocr_line' id='line_1_13' title="bbox 154 1748 1232 1831; baseline -0.003 -21"><span class='ocrx_word' id='word_1_91' title='bbox 154 1751 273 1830; x_wconf 75' lang='lat' dir='ltr'><strong>pocrati</strong></span> <span class='ocrx_word' id='word_1_92' title='bbox 299 1752 477 1811; x_wconf 87' lang='lat' dir='ltr'><strong>inscribitur</strong></span> <span class='ocrx_word' id='word_1_93' title='bbox 503 1748 590 1831; x_wconf 84' lang='grc'><strong>(25),</strong></span> <span class='ocrx_word' id='word_1_94' title='bbox 621 1749 672 1808; x_wconf 90' lang='lat' dir='ltr'><strong>ubi</strong></span> <span class='ocrx_word' id='word_1_95' title='bbox 701 1748 738 1807; x_wconf 88' lang='lat' dir='ltr'><strong>de</strong></span> <span class='ocrx_word' id='word_1_96' title='bbox 761 1749 836 1807; x_wconf 90' lang='lat' dir='ltr'><strong>sesto</strong></span> <span class='ocrx_word' id='word_1_97' title='bbox 862 1749 935 1824; x_wconf 88' lang='lat' dir='ltr'><strong>illo,</strong></span> <span class='ocrx_word' id='word_1_98' title='bbox 962 1761 1104 1829; x_wconf 88' lang='lat' dir='ltr'><strong>tanquam</strong></span> <span class='ocrx_word' id='word_1_99' title='bbox 1134 1750 1170 1808; x_wconf 87' lang='lat' dir='ltr'><strong>de</strong></span> <span class='ocrx_word' id='word_1_100' title='bbox 1200 1770 1232 1807; x_wconf 88' lang='lat' dir='ltr'><strong>re</strong></span> 
     </span>
    </p>
   </div>
   <div class='ocr_carea' id='block_1_3' title="bbox 150 1852 1234 1940">
    <p class='ocr_par' dir='ltr' id='par_1_3' title="bbox 150 1852 1234 1940">
     <span class='ocr_line' id='line_1_14' title="bbox 150 1852 1234 1940; baseline 0.002 -27"><span class='ocrx_word' id='word_1_101' title='bbox 150 1856 272 1935; x_wconf 88' lang='lat' dir='ltr'><strong>aliqua,</strong></span> <span class='ocrx_word' id='word_1_102' title='bbox 298 1877 375 1935; x_wconf 87' lang='lat' dir='ltr'><strong>quae</strong></span> <span class='ocrx_word' id='word_1_103' title='bbox 401 1855 471 1940; x_wconf 86' lang='lat' dir='ltr'><strong>lieri</strong></span> <span class='ocrx_word' id='word_1_104' title='bbox 493 1855 618 1927; x_wconf 86' lang='lat' dir='ltr'><strong>solebat,</strong></span> <span class='ocrx_word' id='word_1_105' title='bbox 649 1861 693 1910; x_wconf 87' lang='lat' dir='ltr'><strong>est</strong></span> <span class='ocrx_word' id='word_1_106' title='bbox 717 1852 841 1911; x_wconf 85' lang='lat' dir='ltr'><strong>mentio.</strong></span> <span class='ocrx_word' id='word_1_107' title='bbox 889 1853 912 1912; x_wconf 89' lang='lat' dir='ltr'>F</span> <span class='ocrx_word' id='word_1_108' title='bbox 915 1864 1041 1931; x_wconf 87' lang='lat' dir='ltr'><strong>uerunt,</strong></span> <span class='ocrx_word' id='word_1_109' title='bbox 1068 1855 1121 1934; x_wconf 87' lang='lat' dir='ltr'><strong>qui</strong></span> <span class='ocrx_word' id='word_1_110' title='bbox 1146 1865 1234 1934; x_wconf 83' lang='lat' dir='ltr'><strong>puta-</strong></span> 
     </span>
    </p>
   </div>
   <div class='ocr_carea' id='block_1_4' title="bbox 150 1959 1313 2772">
    <p class='ocr_par' dir='ltr' id='par_1_4' title="bbox 150 1959 1313 2772">
     <span class='ocr_line' id='line_1_15' title="bbox 151 1959 1234 2039; baseline 0.002 -22"><span class='ocrx_word' id='word_1_111' title='bbox 151 1968 246 2033; x_wconf 88' lang='lat' dir='ltr'><strong>runt,</strong></span> <span class='ocrx_word' id='word_1_112' title='bbox 267 1959 346 2018; x_wconf 86' lang='lat' dir='ltr'><strong>hano</strong></span> <span class='ocrx_word' id='word_1_113' title='bbox 363 1980 427 2018; x_wconf 88' lang='lat' dir='ltr'><strong>rem</strong></span> <span class='ocrx_word' id='word_1_114' title='bbox 447 1959 613 2018; x_wconf 84' lang='lat' dir='ltr'><strong>dimanasse</strong></span> <span class='ocrx_word' id='word_1_115' title='bbox 632 1979 648 2013; x_wconf 84' lang='lat' dir='ltr'><strong>a</strong></span> <span class='ocrx_word' id='word_1_116' title='bbox 670 1967 806 2036; x_wconf 88' lang='lat' dir='ltr'><strong>serpente</strong></span> <span class='ocrx_word' id='word_1_117' title='bbox 825 1979 916 2018; x_wconf 89' lang='lat' dir='ltr'><strong>aeneo</strong></span> <span class='ocrx_word' id='word_1_118' title='bbox 936 1980 992 2039; x_wconf 91' lang='lat' dir='ltr'><strong>pro</strong></span> <span class='ocrx_word' id='word_1_119' title='bbox 1017 1961 1143 2020; x_wconf 88' lang='lat' dir='ltr'><strong>salutari</strong></span> <span class='ocrx_word' id='word_1_120' title='bbox 1162 1982 1234 2021; x_wconf 91' lang='lat' dir='ltr'><strong>con-</strong></span> 
     </span>
     <span class='ocr_line' id='line_1_16' title="bbox 150 2063 1233 2147; baseline 0.002 -25"><span class='ocrx_word' id='word_1_121' title='bbox 150 2073 199 2122; x_wconf 85' lang='lat' dir='ltr'><strong>tra</strong></span> <span class='ocrx_word' id='word_1_122' title='bbox 214 2064 384 2123; x_wconf 81' lang='lat' dir='ltr'><strong>mortiferos</strong></span> <span class='ocrx_word' id='word_1_123' title='bbox 392 2071 543 2141; x_wconf 87' lang='lat' dir='ltr'><strong>serpentes</strong></span> <span class='ocrx_word' id='word_1_124' title='bbox 554 2063 684 2120; x_wconf 87' lang='lat' dir='ltr'><strong>remedio</strong></span> <span class='ocrx_word' id='word_1_125' title='bbox 694 2063 837 2124; x_wconf 69' lang='lat' dir='ltr'><strong>Israelitis</strong></span> <span class='ocrx_word' id='word_1_126' title='bbox 848 2065 881 2123; x_wconf 87' lang='lat' dir='ltr'><strong>iu</strong></span> <span class='ocrx_word' id='word_1_127' title='bbox 889 2065 1005 2124; x_wconf 86' lang='lat' dir='ltr'><strong>deserto</strong></span> <span class='ocrx_word' id='word_1_128' title='bbox 1015 2065 1147 2125; x_wconf 80' lang='lat' dir='ltr'><strong>exaltato</strong></span> <span class='ocrx_word' id='word_1_129' title='bbox 1156 2066 1233 2147; x_wconf 83' lang='grc'><strong>(26).</strong></span> 
     </span>
     <span class='ocr_line' id='line_1_17' title="bbox 150 2168 1313 2248; baseline 0.001 -23"><span class='ocrx_word' id='word_1_130' title='bbox 150 2168 294 2245; x_wconf 84' lang='lat' dir='ltr'><strong>Majorem</strong></span> <span class='ocrx_word' id='word_1_131' title='bbox 326 2179 427 2225; x_wconf 87' lang='lat' dir='ltr'><strong>tamen</strong></span> <span class='ocrx_word' id='word_1_132' title='bbox 457 2168 524 2226; x_wconf 84' lang='lat' dir='ltr'><strong>veri</strong></span> <span class='ocrx_word' id='word_1_133' title='bbox 546 2168 674 2245; x_wconf 88' lang='lat' dir='ltr'><strong>speciem</strong></span> <span class='ocrx_word' id='word_1_134' title='bbox 702 2168 810 2226; x_wconf 89' lang='lat' dir='ltr'><strong>habere</strong></span> <span class='ocrx_word' id='word_1_135' title='bbox 839 2168 916 2227; x_wconf 89' lang='lat' dir='ltr'><strong>mihi</strong></span> <span class='ocrx_word' id='word_1_136' title='bbox 949 2168 1070 2227; x_wconf 85' lang='lat' dir='ltr'><strong>videtur</strong></span> <span class='ocrx_word' id='word_1_137' title='bbox 1106 2169 1233 2248; x_wconf 88' lang='lat' dir='ltr'><strong>opinio,</strong></span> <span class='ocrx_word' id='word_1_138' title='bbox 1309 2188 1313 2192; x_wconf 87' lang='grc'><em>·</em></span> 
     </span>
     <span class='ocr_line' id='line_1_18' title="bbox 151 2270 1233 2356; baseline 0.002 -27"><span class='ocrx_word' id='word_1_139' title='bbox 151 2291 244 2350; x_wconf 83' lang='lat' dir='ltr'><strong>quam</strong></span> <span class='ocrx_word' id='word_1_140' title='bbox 264 2271 297 2328; x_wconf 91' lang='lat' dir='ltr'><strong>in</strong></span> <span class='ocrx_word' id='word_1_141' title='bbox 317 2271 447 2329; x_wconf 84' lang='lat' dir='ltr'><strong>medium</strong></span> <span class='ocrx_word' id='word_1_142' title='bbox 466 2270 583 2349; x_wconf 87' lang='lat' dir='ltr'><strong>profert</strong></span> <span class='ocrx_word' id='word_1_143' title='bbox 597 2272 754 2332; x_wconf 87' lang='lat' dir='ltr'><strong>Schulzius</strong></span> <span class='ocrx_word' id='word_1_144' title='bbox 774 2272 861 2356; x_wconf 83' lang='grc'><strong>(27),</strong></span> <span class='ocrx_word' id='word_1_145' title='bbox 887 2275 1001 2333; x_wconf 88' lang='lat' dir='ltr'><strong>scilicet</strong></span> <span class='ocrx_word' id='word_1_146' title='bbox 1025 2273 1233 2334; x_wconf 83' lang='lat' dir='ltr'><strong>anniversario</strong></span> 
     </span>
     <span class='ocr_line' id='line_1_19' title="bbox 151 2375 1234 2458; baseline 0.002 -24"><span class='ocrx_word' id='word_1_147' title='bbox 151 2396 238 2435; x_wconf 87' lang='lat' dir='ltr'><strong>sacro</strong></span> <span class='ocrx_word' id='word_1_148' title='bbox 264 2375 465 2434; x_wconf 87' lang='lat' dir='ltr'><strong>sacerdotium</strong></span> <span class='ocrx_word' id='word_1_149' title='bbox 494 2375 660 2457; x_wconf 83' lang='lat' dir='ltr'><strong>Aesculapii</strong></span> <span class='ocrx_word' id='word_1_150' title='bbox 682 2378 860 2456; x_wconf 87' lang='lat' dir='ltr'><strong>primarium</strong></span> <span class='ocrx_word' id='word_1_151' title='bbox 882 2379 921 2438; x_wconf 86' lang='lat' dir='ltr'><strong>ad</strong></span> <span class='ocrx_word' id='word_1_152' title='bbox 937 2378 1048 2450; x_wconf 86' lang='lat' dir='ltr'><strong>alium,</strong></span> <span class='ocrx_word' id='word_1_153' title='bbox 1073 2398 1165 2458; x_wconf 85' lang='lat' dir='ltr'><strong>quam</strong></span> <span class='ocrx_word' id='word_1_154' title='bbox 1181 2377 1234 2457; x_wconf 87' lang='lat' dir='ltr'><strong>qui</strong></span> 
     </span>
     <span class='ocr_line' id='line_1_20' title="bbox 151 2478 1235 2561; baseline 0.005 -24"><span class='ocrx_word' id='word_1_155' title='bbox 151 2478 252 2558; x_wconf 87' lang='lat' dir='ltr'><strong>priore</strong></span> <span class='ocrx_word' id='word_1_156' title='bbox 280 2499 359 2537; x_wconf 91' lang='lat' dir='ltr'><strong>anno</strong></span> <span class='ocrx_word' id='word_1_157' title='bbox 386 2479 484 2537; x_wconf 86' lang='lat' dir='ltr'><strong>suerat</strong></span> <span class='ocrx_word' id='word_1_158' title='bbox 509 2478 562 2537; x_wconf 89' lang='lat' dir='ltr'><strong>illo</strong></span> <span class='ocrx_word' id='word_1_159' title='bbox 590 2479 731 2556; x_wconf 69' lang='lat' dir='ltr'><strong>sanictos,</strong></span> <span class='ocrx_word' id='word_1_160' title='bbox 763 2482 856 2543; x_wconf 82' lang='lat' dir='ltr'><strong>fuisse</strong></span> <span class='ocrx_word' id='word_1_161' title='bbox 880 2482 1028 2559; x_wconf 78' lang='lat' dir='ltr'><strong>delatum5</strong></span> <span class='ocrx_word' id='word_1_162' title='bbox 1053 2481 1235 2561; x_wconf 85' lang='lat' dir='ltr'><strong>honorisque</strong></span> 
     </span>
     <span class='ocr_line' id='line_1_21' title="bbox 151 2585 1236 2668; baseline 0.006 -25"><span class='ocrx_word' id='word_1_163' title='bbox 151 2585 258 2644; x_wconf 87' lang='lat' dir='ltr'><strong>traditi</strong></span> <span class='ocrx_word' id='word_1_164' title='bbox 295 2585 468 2664; x_wconf 84' lang='lat' dir='ltr'><strong>acceptique</strong></span> <span class='ocrx_word' id='word_1_165' title='bbox 493 2585 661 2663; x_wconf 86' lang='lat' dir='ltr'><strong>symbolum</strong></span> <span class='ocrx_word' id='word_1_166' title='bbox 681 2585 771 2646; x_wconf 85' lang='lat' dir='ltr'><strong>fuisse</strong></span> <span class='ocrx_word' id='word_1_167' title='bbox 790 2591 841 2663; x_wconf 71' lang='grc' dir='ltr'><strong>τήν</strong></span> <span class='ocrx_word' id='word_1_168' title='bbox 859 2592 969 2668; x_wconf 71' lang='grc' dir='ltr'><strong><em>ῥάβδου</em></strong></span> <span class='ocrx_word' id='word_1_169' title='bbox 999 2591 1160 2668; x_wconf 71' lang='grc' dir='ltr'><em>ἀνάληψιν,</em></span> <span class='ocrx_word' id='word_1_170' title='bbox 1181 2588 1236 2649; x_wconf 85' lang='lat' dir='ltr'><strong>ba-</strong></span> 
     </span>
     <span class='ocr_line' id='line_1_22' title="bbox 152 2691 1234 2772; baseline 0.004 -23"><span class='ocrx_word' id='word_1_171' title='bbox 152 2691 214 2749; x_wconf 90' lang='lat' dir='ltr'><strong>culi</strong></span> <span class='ocrx_word' id='word_1_172' title='bbox 227 2691 464 2765; x_wconf 72' lang='lat' dir='ltr'><strong>assumtionem,</strong></span> <span class='ocrx_word' id='word_1_173' title='bbox 484 2691 563 2772; x_wconf 88' lang='lat' dir='ltr'><strong>quod</strong></span> <span class='ocrx_word' id='word_1_174' title='bbox 580 2715 598 2751; x_wconf 88' lang='lat' dir='ltr'><strong>a</strong></span> <span class='ocrx_word' id='word_1_175' title='bbox 615 2691 718 2750; x_wconf 88' lang='lat' dir='ltr'><strong>Graeci</strong></span> <span class='ocrx_word' id='word_1_176' title='bbox 736 2696 881 2753; x_wconf 89' lang='lat' dir='ltr'><strong>sermonis</strong></span> <span class='ocrx_word' id='word_1_177' title='bbox 900 2695 1001 2755; x_wconf 88' lang='lat' dir='ltr'><strong>indole</strong></span> <span class='ocrx_word' id='word_1_178' title='bbox 1021 2716 1083 2755; x_wconf 90' lang='lat' dir='ltr'><strong>non</strong></span> <span class='ocrx_word' id='word_1_179' title='bbox 1102 2695 1234 2754; x_wconf 88' lang='lat' dir='ltr'><strong>alienum</strong></span> 
     </span>
    </p>
   </div>
   <div class='ocr_carea' id='block_1_5' title="bbox 820 2836 852 2883">
    <p class='ocr_par' dir='ltr' id='par_1_5' title="bbox 820 2836 852 2883">
     <span class='ocr_line' id='line_1_23' title="bbox 820 2836 852 2883; baseline 0 0"><span class='ocrx_word' id='word_1_180' title='bbox 820 2836 852 2883; x_wconf 68' lang='grc' dir='ltr'>Ο</span> 
     </span>
    </p>
   </div>
   <div class='ocr_carea' id='block_1_6' title="bbox 151 2891 348 2905">
    <p class='ocr_par' dir='ltr' id='par_1_6' title="bbox 151 2891 348 2905">
     <span class='ocr_line' id='line_1_24' title="bbox 151 2891 348 2905; baseline -0.01 0"><span class='ocrx_word' id='word_1_181' title='bbox 151 2891 348 2905; x_wconf 69' lang='lat' dir='ltr'><strong>uun—a·—</strong></span> 
     </span>
    </p>
   </div>
   <div class='ocr_carea' id='block_1_7' title="bbox 149 3020 1236 4070">
    <p class='ocr_par' dir='ltr' id='par_1_7' title="bbox 152 3020 1234 3234">
     <span class='ocr_line' id='line_1_25' title="bbox 182 3020 1234 3082; baseline -0.006 -15"><span class='ocrx_word' id='word_1_182' title='bbox 182 3025 230 3082; x_wconf 90' lang='grc'><strong>(21)</strong></span> <span class='ocrx_word' id='word_1_183' title='bbox 247 3027 281 3067; x_wconf 84' lang='lat' dir='ltr'><strong>De</strong></span> <span class='ocrx_word' id='word_1_184' title='bbox 294 3026 358 3067; x_wconf 79' lang='lat' dir='ltr'><strong>festis</strong></span> <span class='ocrx_word' id='word_1_185' title='bbox 372 3025 419 3066; x_wconf 90' lang='lat' dir='ltr'><strong>illis</strong></span> <span class='ocrx_word' id='word_1_186' title='bbox 431 3025 462 3066; x_wconf 79' lang='lat' dir='ltr'><strong>cf.</strong></span> <span class='ocrx_word' id='word_1_187' title='bbox 478 3025 693 3070; x_wconf 66' lang='lat' dir='ltr'><strong>ocissimum,</strong></span> <span class='ocrx_word' id='word_1_188' title='bbox 715 3022 741 3062; x_wconf 79' lang='lat' dir='ltr'><strong>de</strong></span> <span class='ocrx_word' id='word_1_189' title='bbox 758 3020 808 3062; x_wconf 90' lang='lat' dir='ltr'><strong>Diis</strong></span> <span class='ocrx_word' id='word_1_190' title='bbox 823 3021 964 3075; x_wconf 84' lang='lat' dir='ltr'><strong>principibus</strong></span> <span class='ocrx_word' id='word_1_191' title='bbox 983 3020 1040 3062; x_wconf 87' lang='lat' dir='ltr'><strong>artis</strong></span> <span class='ocrx_word' id='word_1_192' title='bbox 1057 3020 1155 3062; x_wconf 83' lang='lat' dir='ltr'><strong>medicae</strong></span> <span class='ocrx_word' id='word_1_193' title='bbox 1173 3027 1234 3062; x_wconf 83' lang='lat' dir='ltr'><strong>tute-</strong></span> 
     </span>
     <span class='ocr_line' id='line_1_26' title="bbox 152 3101 1234 3162; baseline -0.006 -12"><span class='ocrx_word' id='word_1_194' title='bbox 152 3108 255 3157; x_wconf 86' lang='lat' dir='ltr'><strong>laribus,</strong></span> <span class='ocrx_word' id='word_1_195' title='bbox 272 3122 296 3162; x_wconf 89' lang='lat' dir='ltr'><strong>p.</strong></span> <span class='ocrx_word' id='word_1_196' title='bbox 311 3105 338 3149; x_wconf 83' lang='lat'><strong>25</strong></span> <span class='ocrx_word' id='word_1_197' title='bbox 353 3121 387 3160; x_wconf 87' lang='lat' dir='ltr'><strong>sq.</strong></span> <span class='ocrx_word' id='word_1_198' title='bbox 403 3132 433 3140; x_wconf 93' lang='lat'>—</span> <span class='ocrx_word' id='word_1_199' title='bbox 448 3107 554 3148; x_wconf 75' lang='lat' dir='ltr'><strong>Messon.</strong></span> <span class='ocrx_word' id='word_1_200' title='bbox 569 3103 656 3158; x_wconf 81' lang='lat' dir='ltr'><strong>Jusjur.</strong></span> <span class='ocrx_word' id='word_1_201' title='bbox 672 3104 781 3158; x_wconf 87' lang='lat' dir='ltr'><strong>Hippocr.</strong></span> <span class='ocrx_word' id='word_1_202' title='bbox 797 3117 816 3144; x_wconf 85' lang='lat' dir='ltr'><strong>c.</strong></span> <span class='ocrx_word' id='word_1_203' title='bbox 831 3103 862 3145; x_wconf 86' lang='lat' dir='ltr'><strong>V.</strong></span> <span class='ocrx_word' id='word_1_204' title='bbox 877 3104 889 3156; x_wconf 58' lang='grc' dir='ltr'>ᾗ</span> <span class='ocrx_word' id='word_1_205' title='bbox 904 3101 938 3143; x_wconf 85' lang='grc'><strong>19.</strong></span> <span class='ocrx_word' id='word_1_206' title='bbox 955 3117 978 3156; x_wconf 92' lang='lat' dir='ltr'><strong>p.</strong></span> <span class='ocrx_word' id='word_1_207' title='bbox 994 3101 1031 3144; x_wconf 78' lang='grc'><strong>45.</strong></span> <span class='ocrx_word' id='word_1_208' title='bbox 1050 3101 1126 3155; x_wconf 83' lang='lat' dir='ltr'><strong>ibique</strong></span> <span class='ocrx_word' id='word_1_209' title='bbox 1140 3103 1234 3161; x_wconf 78' lang='lat' dir='ltr'><strong>citatum</strong></span> 
     </span>
     <span class='ocr_line' id='line_1_27' title="bbox 152 3185 687 3234; baseline -0.011 0"><span class='ocrx_word' id='word_1_210' title='bbox 152 3194 255 3234; x_wconf 66' lang='lat' dir='ltr'><strong>Porrus.</strong></span> <span class='ocrx_word' id='word_1_211' title='bbox 269 3191 385 3233; x_wconf 86' lang='lat' dir='ltr'><strong>Ouomost.</strong></span> <span class='ocrx_word' id='word_1_212' title='bbox 401 3189 452 3231; x_wconf 84' lang='lat' dir='ltr'><strong>Lib.</strong></span> <span class='ocrx_word' id='word_1_213' title='bbox 469 3189 489 3232; x_wconf 92' lang='lat' dir='ltr'><strong>l.</strong></span> <span class='ocrx_word' id='word_1_214' title='bbox 506 3189 565 3231; x_wconf 85' lang='lat' dir='ltr'><strong>Sect.</strong></span> <span class='ocrx_word' id='word_1_215' title='bbox 582 3186 601 3230; x_wconf 92' lang='lat' dir='ltr'><strong>l.</strong></span> <span class='ocrx_word' id='word_1_216' title='bbox 615 3200 635 3228; x_wconf 91' lang='lat' dir='ltr'><strong>c.</strong></span> <span class='ocrx_word' id='word_1_217' title='bbox 650 3185 687 3228; x_wconf 82' lang='lat'><strong>32.</strong></span> 
     </span>
    </p>

    <p class='ocr_par' dir='ltr' id='par_1_8' title="bbox 149 3265 1232 3412">
     <span class='ocr_line' id='line_1_28' title="bbox 183 3265 1232 3329; baseline -0.005 -14"><span class='ocrx_word' id='word_1_218' title='bbox 183 3272 232 3329; x_wconf 85' lang='grc'><strong>(22)</strong></span> <span class='ocrx_word' id='word_1_219' title='bbox 249 3273 324 3316; x_wconf 86' lang='lat' dir='ltr'><strong>Schcl.</strong></span> <span class='ocrx_word' id='word_1_220' title='bbox 338 3272 363 3314; x_wconf 82' lang='lat' dir='ltr'><strong>in</strong></span> <span class='ocrx_word' id='word_1_221' title='bbox 377 3274 448 3314; x_wconf 82' lang='lat' dir='ltr'><strong>Prsu.</strong></span> <span class='ocrx_word' id='word_1_222' title='bbox 462 3271 528 3312; x_wconf 85' lang='lat' dir='ltr'><strong>Nem.</strong></span> <span class='ocrx_word' id='word_1_223' title='bbox 545 3270 591 3311; x_wconf 92' lang='lat'><em>111.</em></span> <span class='ocrx_word' id='word_1_224' title='bbox 607 3283 641 3311; x_wconf 81' lang='lat' dir='ltr'><strong>vs.</strong></span> <span class='ocrx_word' id='word_1_225' title='bbox 658 3265 707 3313; x_wconf 89' lang='grc'><strong>145.</strong></span> <span class='ocrx_word' id='word_1_226' title='bbox 740 3268 776 3310; x_wconf 79' lang='lat' dir='ltr'><strong>Cf.</strong></span> <span class='ocrx_word' id='word_1_227' title='bbox 799 3269 867 3312; x_wconf 74' lang='lat' dir='ltr'><strong>Pars.</strong></span> <span class='ocrx_word' id='word_1_228' title='bbox 890 3268 925 3312; x_wconf 89' lang='lat'><strong>11.</strong></span> <span class='ocrx_word' id='word_1_229' title='bbox 947 3267 983 3310; x_wconf 90' lang='grc'><strong>26.</strong></span> <span class='ocrx_word' id='word_1_230' title='bbox 1003 3268 1028 3310; x_wconf 81' lang='lat' dir='ltr'><strong>in</strong></span> <span class='ocrx_word' id='word_1_231' title='bbox 1046 3270 1087 3310; x_wconf 86' lang='lat' dir='ltr'><strong>tiu.</strong></span> <span class='ocrx_word' id='word_1_232' title='bbox 1107 3269 1232 3312; x_wconf 77' lang='lat' dir='ltr'><strong>Psmossu.</strong></span> 
     </span>
     <span class='ocr_line' id='line_1_29' title="bbox 149 3354 1022 3412; baseline -0.014 -10"><span class='ocrx_word' id='word_1_233' title='bbox 149 3360 194 3403; x_wconf 80' lang='lat' dir='ltr'><strong>vit.</strong></span> <span class='ocrx_word' id='word_1_234' title='bbox 210 3356 319 3412; x_wconf 86' lang='lat' dir='ltr'><strong>Apollon.</strong></span> <span class='ocrx_word' id='word_1_235' title='bbox 342 3358 386 3400; x_wconf 82' lang='lat' dir='ltr'><strong>lv.</strong></span> <span class='ocrx_word' id='word_1_236' title='bbox 410 3354 445 3397; x_wconf 91' lang='lat'><strong>18.</strong></span> <span class='ocrx_word' id='word_1_237' title='bbox 838 3396 841 3402; x_wconf 25' lang='lat'><em>7</em></span> <span class='ocrx_word' id='word_1_238' title='bbox 1020 3393 1022 3397; x_wconf 63' lang='grc'>,</span> 
     </span>
    </p>

    <p class='ocr_par' dir='ltr' id='par_1_9' title="bbox 154 3432 1236 3740">
     <span class='ocr_line' id='line_1_30' title="bbox 185 3432 1234 3494; baseline -0.005 -12"><span class='ocrx_word' id='word_1_239' title='bbox 185 3438 235 3494; x_wconf 80' lang='lat'><strong>(23)</strong></span> <span class='ocrx_word' id='word_1_240' title='bbox 251 3439 356 3481; x_wconf 72' lang='lat' dir='ltr'><strong>Araus.</strong></span> <span class='ocrx_word' id='word_1_241' title='bbox 370 3438 454 3490; x_wconf 82' lang='lat' dir='ltr'><strong>Exped.</strong></span> <span class='ocrx_word' id='word_1_242' title='bbox 469 3436 592 3478; x_wconf 80' lang='lat' dir='ltr'><strong>Alexandr.</strong></span> <span class='ocrx_word' id='word_1_243' title='bbox 609 3434 661 3476; x_wconf 86' lang='lat' dir='ltr'><strong>Lib.</strong></span> <span class='ocrx_word' id='word_1_244' title='bbox 677 3435 710 3477; x_wconf 89' lang='lat'><strong>11.</strong></span> <span class='ocrx_word' id='word_1_245' title='bbox 725 3449 745 3476; x_wconf 88' lang='lat' dir='ltr'><strong>c.</strong></span> <span class='ocrx_word' id='word_1_246' title='bbox 759 3432 781 3477; x_wconf 94' lang='grc'><strong>5.</strong></span> <span class='ocrx_word' id='word_1_247' title='bbox 797 3448 820 3488; x_wconf 75' lang='lat' dir='ltr'><strong>p.</strong></span> <span class='ocrx_word' id='word_1_248' title='bbox 840 3436 876 3477; x_wconf 82' lang='grc'><strong>68.</strong></span> <span class='ocrx_word' id='word_1_249' title='bbox 893 3433 935 3483; x_wconf 86' lang='lat' dir='ltr'><strong>(ed.</strong></span> <span class='ocrx_word' id='word_1_250' title='bbox 956 3435 1082 3490; x_wconf 55' lang='lat' dir='ltr'><strong>Gnoson).</strong></span> <span class='ocrx_word' id='word_1_251' title='bbox 1101 3434 1139 3478; x_wconf 79' lang='lat' dir='ltr'><strong>Cf.</strong></span> <span class='ocrx_word' id='word_1_252' title='bbox 1158 3436 1234 3477; x_wconf 67' lang='lat' dir='ltr'><strong>cans.</strong></span> 
     </span>
     <span class='ocr_line' id='line_1_31' title="bbox 154 3496 1235 3575; baseline -0.009 -11"><span class='ocrx_word' id='word_1_253' title='bbox 154 3521 208 3564; x_wconf 90' lang='lat' dir='ltr'><strong>Lib.</strong></span> <span class='ocrx_word' id='word_1_254' title='bbox 226 3522 273 3567; x_wconf 88' lang='lat'><em>111.</em></span> <span class='ocrx_word' id='word_1_255' title='bbox 287 3535 307 3564; x_wconf 89' lang='lat' dir='ltr'><strong>c.</strong></span> <span class='ocrx_word' id='word_1_256' title='bbox 325 3520 346 3562; x_wconf 86' lang='lat'><strong>7.</strong></span> <span class='ocrx_word' id='word_1_257' title='bbox 361 3523 373 3575; x_wconf 58' lang='grc' dir='ltr'>ᾗ</span> <span class='ocrx_word' id='word_1_258' title='bbox 388 3519 410 3560; x_wconf 85' lang='grc'><strong>7.</strong></span> <span class='ocrx_word' id='word_1_259' title='bbox 428 3520 463 3560; x_wconf 85' lang='lat' dir='ltr'><strong>Dc</strong></span> <span class='ocrx_word' id='word_1_260' title='bbox 476 3517 561 3558; x_wconf 78' lang='lat' dir='ltr'><strong>facium</strong></span> <span class='ocrx_word' id='word_1_261' title='bbox 574 3515 733 3570; x_wconf 79' lang='lat' dir='ltr'><strong>gestationibus</strong></span> <span class='ocrx_word' id='word_1_262' title='bbox 753 3516 784 3558; x_wconf 88' lang='lat' dir='ltr'><strong>es.</strong></span> <span class='ocrx_word' id='word_1_263' title='bbox 800 3516 896 3566; x_wconf 69' lang='lat' dir='ltr'><strong>Gurza,</strong></span> <span class='ocrx_word' id='word_1_264' title='bbox 919 3517 945 3558; x_wconf 85' lang='lat' dir='ltr'><strong>ds</strong></span> <span class='ocrx_word' id='word_1_265' title='bbox 965 3496 1138 3572; x_wconf 62' lang='lat' dir='ltr'><strong>dudovxt&#39;otc</strong></span> <span class='ocrx_word' id='word_1_266' title='bbox 1158 3515 1182 3558; x_wconf 84' lang='lat' dir='ltr'><strong>in</strong></span> <span class='ocrx_word' id='word_1_267' title='bbox 1202 3529 1235 3557; x_wconf 78' lang='lat' dir='ltr'><strong>sa·</strong></span> 
     </span>
     <span class='ocr_line' id='line_1_32' title="bbox 155 3598 1236 3657; baseline -0.008 -8"><span class='ocrx_word' id='word_1_268' title='bbox 155 3607 201 3648; x_wconf 84' lang='lat' dir='ltr'><strong>cris</strong></span> <span class='ocrx_word' id='word_1_269' title='bbox 216 3604 361 3657; x_wconf 82' lang='lat' dir='ltr'><strong>Aesculapii,</strong></span> <span class='ocrx_word' id='word_1_270' title='bbox 377 3603 401 3644; x_wconf 88' lang='lat' dir='ltr'><strong>iu</strong></span> <span class='ocrx_word' id='word_1_271' title='bbox 415 3604 578 3648; x_wconf 70' lang='lat' dir='ltr'><strong>Aeternum,</strong></span> <span class='ocrx_word' id='word_1_272' title='bbox 599 3599 717 3654; x_wconf 84' lang='lat' dir='ltr'><strong>Opuseulis</strong></span> <span class='ocrx_word' id='word_1_273' title='bbox 735 3600 763 3640; x_wconf 85' lang='lat' dir='ltr'><strong>ad</strong></span> <span class='ocrx_word' id='word_1_274' title='bbox 784 3598 901 3640; x_wconf 81' lang='lat' dir='ltr'><strong>historiam</strong></span> <span class='ocrx_word' id='word_1_275' title='bbox 921 3598 1043 3641; x_wconf 84' lang='lat' dir='ltr'><strong>medicinae</strong></span> <span class='ocrx_word' id='word_1_276' title='bbox 1064 3598 1236 3652; x_wconf 84' lang='lat' dir='ltr'><strong>pertinentibus.</strong></span> 
     </span>
     <span class='ocr_line' id='line_1_33' title="bbox 154 3685 490 3740; baseline -0.018 -6"><span class='ocrx_word' id='word_1_277' title='bbox 154 3689 268 3734; x_wconf 83' lang='lat' dir='ltr'><strong>Norimb.</strong></span> <span class='ocrx_word' id='word_1_278' title='bbox 286 3687 350 3730; x_wconf 83' lang='grc'><strong>1797.</strong></span> <span class='ocrx_word' id='word_1_279' title='bbox 367 3700 389 3740; x_wconf 83' lang='lat' dir='ltr'><strong>p.</strong></span> <span class='ocrx_word' id='word_1_280' title='bbox 406 3685 443 3730; x_wconf 85' lang='grc'><strong>85.</strong></span> <span class='ocrx_word' id='word_1_281' title='bbox 457 3699 490 3738; x_wconf 92' lang='lat' dir='ltr'><strong>sq.</strong></span> 
     </span>
    </p>

    <p class='ocr_par' dir='ltr' id='par_1_10' title="bbox 184 3762 1235 3828">
     <span class='ocr_line' id='line_1_34' title="bbox 184 3762 1235 3828; baseline -0.006 -16"><span class='ocrx_word' id='word_1_282' title='bbox 184 3771 234 3828; x_wconf 84' lang='grc'><strong>(24)</strong></span> <span class='ocrx_word' id='word_1_283' title='bbox 250 3773 360 3812; x_wconf 82' lang='lat' dir='ltr'><strong>Anrsrm.</strong></span> <span class='ocrx_word' id='word_1_284' title='bbox 374 3771 415 3813; x_wconf 83' lang='lat' dir='ltr'><strong>Or.</strong></span> <span class='ocrx_word' id='word_1_285' title='bbox 432 3770 461 3811; x_wconf 85' lang='lat' dir='ltr'><strong>T.</strong></span> <span class='ocrx_word' id='word_1_286' title='bbox 477 3768 496 3811; x_wconf 90' lang='lat' dir='ltr'><strong>l.</strong></span> <span class='ocrx_word' id='word_1_287' title='bbox 512 3780 534 3822; x_wconf 86' lang='lat' dir='ltr'><strong>p.</strong></span> <span class='ocrx_word' id='word_1_288' title='bbox 550 3781 573 3821; x_wconf 83' lang='lat' dir='ltr'><strong>p.</strong></span> <span class='ocrx_word' id='word_1_289' title='bbox 587 3764 638 3809; x_wconf 88' lang='grc'><strong>546.</strong></span> <span class='ocrx_word' id='word_1_290' title='bbox 730 3762 777 3821; x_wconf 87' lang='grc'><strong>(25)</strong></span> <span class='ocrx_word' id='word_1_291' title='bbox 794 3765 908 3806; x_wconf 71' lang='lat' dir='ltr'><strong>Hieroso.</strong></span> <span class='ocrx_word' id='word_1_292' title='bbox 922 3765 990 3818; x_wconf 73' lang='lat' dir='ltr'><strong>Opes.</strong></span> <span class='ocrx_word' id='word_1_293' title='bbox 1005 3765 1039 3808; x_wconf 84' lang='lat' dir='ltr'><strong>sd.</strong></span> <span class='ocrx_word' id='word_1_294' title='bbox 1056 3766 1120 3808; x_wconf 61' lang='lat' dir='ltr'><strong>Fcis.</strong></span> <span class='ocrx_word' id='word_1_295' title='bbox 1136 3778 1158 3820; x_wconf 82' lang='lat' dir='ltr'><strong>p.</strong></span> <span class='ocrx_word' id='word_1_296' title='bbox 1169 3765 1235 3811; x_wconf 77' lang='lat'><strong>12⁷4.</strong></span> 
     </span>
    </p>

    <p class='ocr_par' dir='ltr' id='par_1_11' title="bbox 156 3847 1234 3990">
     <span class='ocr_line' id='line_1_35' title="bbox 186 3847 1234 3913; baseline -0.009 -16"><span class='ocrx_word' id='word_1_297' title='bbox 186 3854 236 3909; x_wconf 84' lang='grc'><strong>(26)</strong></span> <span class='ocrx_word' id='word_1_298' title='bbox 253 3855 384 3896; x_wconf 63' lang='lat' dir='ltr'><strong>erassem</strong></span> <span class='ocrx_word' id='word_1_299' title='bbox 397 3851 470 3904; x_wconf 86' lang='lat' dir='ltr'><strong>Epist.</strong></span> <span class='ocrx_word' id='word_1_300' title='bbox 486 3851 506 3893; x_wconf 89' lang='lat'><strong>1.</strong></span> <span class='ocrx_word' id='word_1_301' title='bbox 520 3847 701 3891; x_wconf 81' lang='lat' dir='ltr'><strong>adMorellium.</strong></span> <span class='ocrx_word' id='word_1_302' title='bbox 715 3860 737 3902; x_wconf 84' lang='lat' dir='ltr'><strong>p.</strong></span> <span class='ocrx_word' id='word_1_303' title='bbox 751 3848 839 3892; x_wconf 81' lang='lat' dir='ltr'><strong>69.Cf.</strong></span> <span class='ocrx_word' id='word_1_304' title='bbox 864 3850 1012 3897; x_wconf 74' lang='lat' dir='ltr'><strong>Cassarum,</strong></span> <span class='ocrx_word' id='word_1_305' title='bbox 1036 3849 1100 3913; x_wconf 71' lang='lat' dir='ltr'><strong>Orig.</strong></span> <span class='ocrx_word' id='word_1_306' title='bbox 1120 3855 1144 3890; x_wconf 86' lang='lat' dir='ltr'><strong>et</strong></span> <span class='ocrx_word' id='word_1_307' title='bbox 1162 3847 1234 3900; x_wconf 82' lang='lat' dir='ltr'><strong>antiq.</strong></span> 
     </span>
     <span class='ocr_line' id='line_1_36' title="bbox 156 3931 457 3990; baseline -0.013 -11"><span class='ocrx_word' id='word_1_308' title='bbox 156 3936 219 3979; x_wconf 81' lang='lat' dir='ltr'><strong>Med.</strong></span> <span class='ocrx_word' id='word_1_309' title='bbox 234 3949 255 3977; x_wconf 89' lang='lat' dir='ltr'><strong>c.</strong></span> <span class='ocrx_word' id='word_1_310' title='bbox 271 3935 304 3979; x_wconf 92' lang='lat' dir='ltr'><strong>Il.</strong></span> <span class='ocrx_word' id='word_1_311' title='bbox 319 3937 331 3990; x_wconf 58' lang='grc' dir='ltr'><em>ᾗ</em></span> <span class='ocrx_word' id='word_1_312' title='bbox 347 3933 367 3976; x_wconf 92' lang='grc'><strong>7.</strong></span> <span class='ocrx_word' id='word_1_313' title='bbox 383 3946 404 3986; x_wconf 89' lang='lat' dir='ltr'><strong>p.</strong></span> <span class='ocrx_word' id='word_1_314' title='bbox 422 3931 457 3975; x_wconf 84' lang='grc'><strong>12.</strong></span> 
     </span>
    </p>

    <p class='ocr_par' dir='ltr' id='par_1_12' title="bbox 186 4009 957 4070">
     <span class='ocr_line' id='line_1_37' title="bbox 186 4009 957 4070; baseline -0.004 -14"><span class='ocrx_word' id='word_1_315' title='bbox 186 4015 235 4070; x_wconf 69' lang='grc'><strong>(22)</strong></span> <span class='ocrx_word' id='word_1_316' title='bbox 253 4015 315 4056; x_wconf 85' lang='lat' dir='ltr'><strong>Hist.</strong></span> <span class='ocrx_word' id='word_1_317' title='bbox 329 4015 388 4056; x_wconf 84' lang='lat' dir='ltr'><strong>Med.</strong></span> <span class='ocrx_word' id='word_1_318' title='bbox 404 4016 455 4055; x_wconf 84' lang='lat' dir='ltr'><strong>Per.</strong></span> <span class='ocrx_word' id='word_1_319' title='bbox 470 4014 490 4056; x_wconf 88' lang='lat' dir='ltr'><strong>l.</strong></span> <span class='ocrx_word' id='word_1_320' title='bbox 513 4014 571 4054; x_wconf 79' lang='lat' dir='ltr'><strong>Soet.</strong></span> <span class='ocrx_word' id='word_1_321' title='bbox 588 4013 621 4057; x_wconf 87' lang='lat' dir='ltr'><strong>Il.</strong></span> <span class='ocrx_word' id='word_1_322' title='bbox 644 4024 692 4065; x_wconf 83' lang='lat' dir='ltr'><strong>cap.</strong></span> <span class='ocrx_word' id='word_1_323' title='bbox 706 4011 750 4056; x_wconf 83' lang='lat' dir='ltr'><strong>IV·</strong></span> <span class='ocrx_word' id='word_1_324' title='bbox 765 4014 777 4066; x_wconf 66' lang='lat' dir='ltr'><strong>p</strong></span> <span class='ocrx_word' id='word_1_325' title='bbox 793 4009 828 4052; x_wconf 85' lang='grc'><strong>26.</strong></span> <span class='ocrx_word' id='word_1_326' title='bbox 844 4011 868 4051; x_wconf 88' lang='lat' dir='ltr'><strong>in</strong></span> <span class='ocrx_word' id='word_1_327' title='bbox 881 4017 957 4053; x_wconf 80' lang='lat' dir='ltr'><strong>ann&#39;ot.</strong></span> 
     </span>
    </p>
   </div>
   <div class='ocr_carea' id='block_1_8' title="bbox 0 0 1396 4710">
    <p class='ocr_par' dir='ltr' id='par_1_13' title="bbox 0 0 1396 4710">
     <span class='ocr_line' id='line_1_38' title="bbox 0 0 1396 4710; baseline 0 0"><span class='ocrx_word' id='word_1_328' title='bbox 0 0 1396 4710; x_wconf 95' lang='lat' dir='ltr'><strong> </strong></span> 
     </span>
    </p>
   </div>
  </div>
 </body>
</html>
