<?xml version="1.0" encoding="UTF-8"?>
<!DOCTYPE html PUBLIC "-//W3C//DTD XHTML 1.0 Transitional//EN"
    "http://www.w3.org/TR/xhtml1/DTD/xhtml1-transitional.dtd">
<html xmlns="http://www.w3.org/1999/xhtml" xml:lang="en" lang="en">
 <head>
  <title>
</title>
<meta http-equiv="Content-Type" content="text/html;charset=utf-8" />
  <meta name='ocr-system' content='tesseract 3.04.00' />
  <meta name='ocr-capabilities' content='ocr_page ocr_carea ocr_par ocr_line ocrx_word'/>
</head>
<body>
  <div class='ocr_page' id='page_1' title='image "./dissertatiohist00sijbgoog_0111.png"; bbox 0 0 2754 4710; ppageno 0'>
   <div class='ocr_carea' id='block_1_1' title="bbox 655 447 858 507">
    <p class='ocr_par' dir='ltr' id='par_1_1' title="bbox 655 447 858 507">
     <span class='ocr_line' id='line_1_1' title="bbox 655 447 858 507; baseline -0.005 -17"><span class='ocrx_word' id='word_1_1' title='bbox 655 447 858 507; x_wconf 67' lang='lat'><strong>..94-</strong></span> 
     </span>
    </p>
   </div>
   <div class='ocr_carea' id='block_1_2' title="bbox 200 605 1336 3409">
    <p class='ocr_par' dir='ltr' id='par_1_2' title="bbox 200 605 1336 3409">
     <span class='ocr_line' id='line_1_2' title="bbox 204 605 1297 687; baseline -0.004 -18"><span class='ocrx_word' id='word_1_2' title='bbox 204 611 339 670; x_wconf 87' lang='lat' dir='ltr'><strong>domibus</strong></span> <span class='ocrx_word' id='word_1_3' title='bbox 364 609 486 669; x_wconf 75' lang='lat' dir='ltr'><strong>desertis</strong></span> <span class='ocrx_word' id='word_1_4' title='bbox 504 632 570 672; x_wconf 74' lang='lat' dir='ltr'><strong>siros</strong></span> <span class='ocrx_word' id='word_1_5' title='bbox 598 612 678 687; x_wconf 81' lang='lat' dir='ltr'>ipsae</span> <span class='ocrx_word' id='word_1_6' title='bbox 695 608 803 667; x_wconf 82' lang='lat' dir='ltr'><strong>liberos</strong></span> <span class='ocrx_word' id='word_1_7' title='bbox 824 605 1042 666; x_wconf 80' lang='lat' dir='ltr'><strong>interfecerunt</strong></span> <span class='ocrx_word' id='word_1_8' title='bbox 1057 613 1088 664; x_wconf 88' lang='lat' dir='ltr'><strong>et</strong></span> <span class='ocrx_word' id='word_1_9' title='bbox 1106 605 1297 666; x_wconf 77' lang='lat' dir='ltr'><strong>furibundae</strong></span> 
     </span>
     <span class='ocr_line' id='line_1_3' title="bbox 205 708 1293 795; baseline -0.003 -21"><span class='ocrx_word' id='word_1_10' title='bbox 205 736 259 795; x_wconf 86' lang='lat' dir='ltr'><strong>per</strong></span> <span class='ocrx_word' id='word_1_11' title='bbox 288 715 403 773; x_wconf 90' lang='lat' dir='ltr'><strong>deserta</strong></span> <span class='ocrx_word' id='word_1_12' title='bbox 432 715 609 793; x_wconf 84' lang='lat' dir='ltr'><strong>migrarunt,</strong></span> <span class='ocrx_word' id='word_1_13' title='bbox 660 717 704 775; x_wconf 83' lang='lat' dir='ltr'><strong>lta</strong></span> <span class='ocrx_word' id='word_1_14' title='bbox 744 709 951 789; x_wconf 78' lang='lat' dir='ltr'><strong>Apollodorus·</strong></span> <span class='ocrx_word' id='word_1_15' title='bbox 1005 708 1102 768; x_wconf 83' lang='lat' dir='ltr'><strong>Ellam</strong></span> <span class='ocrx_word' id='word_1_16' title='bbox 1136 711 1293 770; x_wconf 81' lang='lat' dir='ltr'><strong>Diodorus</strong></span> 
     </span>
     <span class='ocr_line' id='line_1_4' title="bbox 205 813 1297 897; baseline -0.005 -17"><span class='ocrx_word' id='word_1_17' title='bbox 205 819 334 894; x_wconf 86' lang='lat' dir='ltr'><strong>Siculus,</strong></span> <span class='ocrx_word' id='word_1_18' title='bbox 348 819 470 897; x_wconf 84' lang='lat' dir='ltr'><strong>Argivas</strong></span> <span class='ocrx_word' id='word_1_19' title='bbox 490 818 648 894; x_wconf 90' lang='lat' dir='ltr'><strong>mulieres,</strong></span> <span class='ocrx_word' id='word_1_20' title='bbox 670 837 743 896; x_wconf 89' lang='lat' dir='ltr'><strong>quas</strong></span> <span class='ocrx_word' id='word_1_21' title='bbox 762 815 878 873; x_wconf 81' lang='lat' dir='ltr'><strong>sanarit</strong></span> <span class='ocrx_word' id='word_1_22' title='bbox 898 815 1077 894; x_wconf 83' lang='lat' dir='ltr'><strong>Melampus,</strong></span> <span class='ocrx_word' id='word_1_23' title='bbox 1100 813 1195 874; x_wconf 87' lang='lat' dir='ltr'><strong>fuisse</strong></span> <span class='ocrx_word' id='word_1_24' title='bbox 1217 817 1297 876; x_wconf 87' lang='lat' dir='ltr'><strong>Bae-</strong></span> 
     </span>
     <span class='ocr_line' id='line_1_5' title="bbox 205 919 1297 1001; baseline -0.003 -18"><span class='ocrx_word' id='word_1_25' title='bbox 205 923 290 983; x_wconf 84' lang='lat' dir='ltr'><strong>ohico</strong></span> <span class='ocrx_word' id='word_1_26' title='bbox 314 922 417 980; x_wconf 87' lang='lat' dir='ltr'><strong>surore</strong></span> <span class='ocrx_word' id='word_1_27' title='bbox 443 931 609 1000; x_wconf 87' lang='lat' dir='ltr'><strong>correptas,</strong></span> <span class='ocrx_word' id='word_1_28' title='bbox 628 920 704 980; x_wconf 86' lang='lat' dir='ltr'><strong>dicit</strong></span> <span class='ocrx_word' id='word_1_29' title='bbox 723 920 808 1001; x_wconf 70' lang='lat'><strong>(49),</strong></span> <span class='ocrx_word' id='word_1_30' title='bbox 828 919 901 978; x_wconf 87' lang='lat' dir='ltr'><strong>odeo</strong></span> <span class='ocrx_word' id='word_1_31' title='bbox 917 932 953 978; x_wconf 89' lang='lat' dir='ltr'><strong>ut</strong></span> <span class='ocrx_word' id='word_1_32' title='bbox 975 919 1028 980; x_wconf 88' lang='lat' dir='ltr'><strong>hic</strong></span> <span class='ocrx_word' id='word_1_33' title='bbox 1045 928 1150 979; x_wconf 80' lang='lat' dir='ltr'><strong>auctor</strong></span> <span class='ocrx_word' id='word_1_34' title='bbox 1169 922 1297 980; x_wconf 85' lang='lat' dir='ltr'><strong>videre-</strong></span> 
     </span>
     <span class='ocr_line' id='line_1_6' title="bbox 205 1022 1296 1103; baseline 0 -19"><span class='ocrx_word' id='word_1_35' title='bbox 205 1036 258 1084; x_wconf 89' lang='lat' dir='ltr'><strong>tur</strong></span> <span class='ocrx_word' id='word_1_36' title='bbox 284 1025 449 1101; x_wconf 74' lang='lat' dir='ltr'><strong>credidisse</strong></span> <span class='ocrx_word' id='word_1_37' title='bbox 474 1024 652 1103; x_wconf 85' lang='lat' dir='ltr'><strong>Argivarum</strong></span> <span class='ocrx_word' id='word_1_38' title='bbox 664 1068 674 1099; x_wconf 94' lang='lat'><strong>,</strong></span> <span class='ocrx_word' id='word_1_39' title='bbox 699 1022 736 1080; x_wconf 92' lang='lat' dir='ltr'><strong>ob</strong></span> <span class='ocrx_word' id='word_1_40' title='bbox 752 1022 901 1082; x_wconf 88' lang='lat' dir='ltr'><strong>Bacchum</strong></span> <span class='ocrx_word' id='word_1_41' title='bbox 922 1043 982 1081; x_wconf 90' lang='lat' dir='ltr'><strong>non</strong></span> <span class='ocrx_word' id='word_1_42' title='bbox 1012 1033 1182 1103; x_wconf 82' lang='lat' dir='ltr'><strong>receptum,</strong></span> <span class='ocrx_word' id='word_1_43' title='bbox 1207 1025 1296 1084; x_wconf 86' lang='lat' dir='ltr'><strong>suro-</strong></span> 
     </span>
     <span class='ocr_line' id='line_1_7' title="bbox 203 1123 1298 1209; baseline -0.001 -19"><span class='ocrx_word' id='word_1_44' title='bbox 203 1150 269 1190; x_wconf 89' lang='lat' dir='ltr'><strong>rem</strong></span> <span class='ocrx_word' id='word_1_45' title='bbox 284 1131 387 1190; x_wconf 89' lang='lat' dir='ltr'><strong>eodem</strong></span> <span class='ocrx_word' id='word_1_46' title='bbox 404 1140 540 1209; x_wconf 84' lang='lat' dir='ltr'><strong>tempore</strong></span> <span class='ocrx_word' id='word_1_47' title='bbox 559 1129 720 1203; x_wconf 81' lang='lat' dir='ltr'><strong>accidisse,</strong></span> <span class='ocrx_word' id='word_1_48' title='bbox 746 1147 807 1206; x_wconf 87' lang='lat' dir='ltr'><strong>qno</strong></span> <span class='ocrx_word' id='word_1_49' title='bbox 828 1127 1048 1203; x_wconf 88' lang='lat' dir='ltr'><strong>Proetidarum,</strong></span> <span class='ocrx_word' id='word_1_50' title='bbox 1070 1123 1145 1208; x_wconf 72' lang='lat' dir='ltr'><strong>¹&lt;guas</strong></span> <span class='ocrx_word' id='word_1_51' title='bbox 1171 1131 1298 1189; x_wconf 86' lang='lat' dir='ltr'><strong>sanavit</strong></span> 
     </span>
     <span class='ocr_line' id='line_1_8' title="bbox 205 1233 1295 1316; baseline -0.003 -19"><span class='ocrx_word' id='word_1_52' title='bbox 205 1235 389 1315; x_wconf 84' lang='lat' dir='ltr'><strong>Melampus,</strong></span> <span class='ocrx_word' id='word_1_53' title='bbox 422 1235 481 1294; x_wconf 88' lang='lat' dir='ltr'><strong>nisi</strong></span> <span class='ocrx_word' id='word_1_54' title='bbox 507 1233 590 1314; x_wconf 88' lang='lat' dir='ltr'><strong>quod</strong></span> <span class='ocrx_word' id='word_1_55' title='bbox 615 1234 651 1293; x_wconf 85' lang='lat' dir='ltr'><strong>nd</strong></span> <span class='ocrx_word' id='word_1_56' title='bbox 678 1233 900 1312; x_wconf 70' lang='lat' dir='ltr'><strong>chronologiam</strong></span> <span class='ocrx_word' id='word_1_57' title='bbox 925 1234 1085 1313; x_wconf 83' lang='lat' dir='ltr'><strong>valdopere</strong></span> <span class='ocrx_word' id='word_1_58' title='bbox 1104 1235 1142 1293; x_wconf 92' lang='lat' dir='ltr'><strong>ab</strong></span> <span class='ocrx_word' id='word_1_59' title='bbox 1167 1237 1295 1316; x_wconf 87' lang='lat' dir='ltr'><strong>Apollo-</strong></span> 
     </span>
     <span class='ocr_line' id='line_1_9' title="bbox 204 1326 1336 1420; baseline 0 -20"><span class='ocrx_word' id='word_1_60' title='bbox 204 1343 278 1401; x_wconf 86' lang='lat' dir='ltr'><strong>doro</strong></span> <span class='ocrx_word' id='word_1_61' title='bbox 308 1341 452 1401; x_wconf 85' lang='lat' dir='ltr'><strong>differret.</strong></span> <span class='ocrx_word' id='word_1_62' title='bbox 503 1341 676 1400; x_wconf 83' lang='lat' dir='ltr'><strong>Secundum</strong></span> <span class='ocrx_word' id='word_1_63' title='bbox 710 1339 878 1399; x_wconf 90' lang='lat' dir='ltr'><strong>Diodorum</strong></span> <span class='ocrx_word' id='word_1_64' title='bbox 907 1359 1014 1419; x_wconf 85' lang='lat' dir='ltr'><strong>nempe</strong></span> <span class='ocrx_word' id='word_1_65' title='bbox 1045 1340 1228 1420; x_wconf 84' lang='lat' dir='ltr'><strong>Melampodi</strong></span> <span class='ocrx_word' id='word_1_66' title='bbox 1256 1342 1294 1400; x_wconf 92' lang='lat' dir='ltr'><strong>ob</strong></span> <span class='ocrx_word' id='word_1_67' title='bbox 1328 1326 1336 1347; x_wconf 75' lang='lat'>⁸</span> 
     </span>
     <span class='ocr_line' id='line_1_10' title="bbox 203 1445 1294 1524; baseline 0.002 -21"><span class='ocrx_word' id='word_1_68' title='bbox 203 1447 282 1504; x_wconf 89' lang='lat' dir='ltr'><strong>hano</strong></span> <span class='ocrx_word' id='word_1_69' title='bbox 308 1445 491 1503; x_wconf 86' lang='lat' dir='ltr'><strong>sanationem</strong></span> <span class='ocrx_word' id='word_1_70' title='bbox 523 1463 576 1503; x_wconf 84' lang='lat' dir='ltr'><strong>rex</strong></span> <span class='ocrx_word' id='word_1_71' title='bbox 604 1445 796 1523; x_wconf 80' lang='lat' dir='ltr'><strong>Anaxagoras</strong></span> <span class='ocrx_word' id='word_1_72' title='bbox 820 1445 912 1503; x_wconf 88' lang='lat' dir='ltr'><strong>liliam</strong></span> <span class='ocrx_word' id='word_1_73' title='bbox 931 1465 1015 1503; x_wconf 86' lang='lat' dir='ltr'><strong>snam</strong></span> <span class='ocrx_word' id='word_1_74' title='bbox 1042 1445 1227 1524; x_wconf 87' lang='lat' dir='ltr'><strong>lphianiram</strong></span> <span class='ocrx_word' id='word_1_75' title='bbox 1260 1448 1294 1505; x_wconf 90' lang='lat' dir='ltr'><strong>in</strong></span> 
     </span>
     <span class='ocr_line' id='line_1_11' title="bbox 204 1548 1292 1629; baseline 0.003 -22"><span class='ocrx_word' id='word_1_76' title='bbox 204 1549 432 1608; x_wconf 83' lang='lat' dir='ltr'><strong>matrimonium</strong></span> <span class='ocrx_word' id='word_1_77' title='bbox 452 1548 550 1607; x_wconf 83' lang='lat' dir='ltr'><strong>dedit:</strong></span> <span class='ocrx_word' id='word_1_78' title='bbox 575 1558 640 1607; x_wconf 89' lang='lat' dir='ltr'><strong>erat</strong></span> <span class='ocrx_word' id='word_1_79' title='bbox 656 1558 757 1610; x_wconf 88' lang='lat' dir='ltr'><strong>autem</strong></span> <span class='ocrx_word' id='word_1_80' title='bbox 780 1551 970 1629; x_wconf 79' lang='lat' dir='ltr'><strong>Anaxagoras</strong></span> <span class='ocrx_word' id='word_1_81' title='bbox 992 1550 1093 1610; x_wconf 87' lang='lat' dir='ltr'><strong>Proeti</strong></span> <span class='ocrx_word' id='word_1_82' title='bbox 1109 1570 1220 1629; x_wconf 88' lang='lat' dir='ltr'><strong>nepos,</strong></span> <span class='ocrx_word' id='word_1_83' title='bbox 1241 1552 1292 1610; x_wconf 87' lang='lat' dir='ltr'><strong>vel</strong></span> 
     </span>
     <span class='ocr_line' id='line_1_12' title="bbox 203 1651 1289 1739; baseline 0.004 -27"><span class='ocrx_word' id='word_1_84' title='bbox 203 1652 366 1739; x_wconf 86' lang='lat' dir='ltr'><strong>secundum</strong></span> <span class='ocrx_word' id='word_1_85' title='bbox 392 1653 571 1713; x_wconf 87' lang='lat' dir='ltr'><strong>Pausaniam</strong></span> <span class='ocrx_word' id='word_1_86' title='bbox 597 1653 662 1730; x_wconf 89' lang='lat' dir='ltr'><strong>ejus</strong></span> <span class='ocrx_word' id='word_1_87' title='bbox 691 1673 837 1732; x_wconf 81' lang='lat' dir='ltr'><strong>pronepos</strong></span> <span class='ocrx_word' id='word_1_88' title='bbox 861 1652 949 1734; x_wconf 82' lang='lat'><strong>(50);</strong></span> <span class='ocrx_word' id='word_1_89' title='bbox 980 1653 1053 1712; x_wconf 91' lang='lat' dir='ltr'><strong>adeo</strong></span> <span class='ocrx_word' id='word_1_90' title='bbox 1072 1663 1108 1712; x_wconf 95' lang='lat' dir='ltr'><strong>ut</strong></span> <span class='ocrx_word' id='word_1_91' title='bbox 1126 1651 1289 1728; x_wconf 83' lang='lat' dir='ltr'><strong>Diodorus,</strong></span> 
     </span>
     <span class='ocr_line' id='line_1_13' title="bbox 204 1757 1287 1837; baseline 0.001 -19"><span class='ocrx_word' id='word_1_92' title='bbox 204 1758 383 1837; x_wconf 86' lang='lat' dir='ltr'><strong>Argivorum</strong></span> <span class='ocrx_word' id='word_1_93' title='bbox 401 1759 534 1816; x_wconf 78' lang='lat' dir='ltr'><strong>lusorem</strong></span> <span class='ocrx_word' id='word_1_94' title='bbox 552 1757 680 1837; x_wconf 89' lang='lat' dir='ltr'><strong>diupost</strong></span> <span class='ocrx_word' id='word_1_95' title='bbox 700 1759 789 1817; x_wconf 90' lang='lat' dir='ltr'><strong>illum</strong></span> <span class='ocrx_word' id='word_1_96' title='bbox 810 1757 1016 1816; x_wconf 85' lang='lat' dir='ltr'><strong>Proetidarum</strong></span> <span class='ocrx_word' id='word_1_97' title='bbox 1035 1758 1194 1832; x_wconf 85' lang='lat' dir='ltr'><strong>accidisse,</strong></span> <span class='ocrx_word' id='word_1_98' title='bbox 1215 1780 1287 1821; x_wconf 80' lang='lat' dir='ltr'><strong>nar·</strong></span> 
     </span>
     <span class='ocr_line' id='line_1_14' title="bbox 202 1861 1288 1942; baseline 0 -20"><span class='ocrx_word' id='word_1_99' title='bbox 202 1873 258 1922; x_wconf 87' lang='lat' dir='ltr'><strong>ret.</strong></span> <span class='ocrx_word' id='word_1_100' title='bbox 300 1861 357 1922; x_wconf 84' lang='lat' dir='ltr'><strong>Sed</strong></span> <span class='ocrx_word' id='word_1_101' title='bbox 383 1863 417 1921; x_wconf 91' lang='lat' dir='ltr'><strong>in</strong></span> <span class='ocrx_word' id='word_1_102' title='bbox 441 1863 498 1922; x_wconf 89' lang='lat' dir='ltr'><strong>hoc</strong></span> <span class='ocrx_word' id='word_1_103' title='bbox 524 1883 595 1924; x_wconf 86' lang='lat' dir='ltr'><strong>casu</strong></span> <span class='ocrx_word' id='word_1_104' title='bbox 625 1883 686 1922; x_wconf 91' lang='lat' dir='ltr'><strong>non</strong></span> <span class='ocrx_word' id='word_1_105' title='bbox 718 1871 819 1942; x_wconf 87' lang='lat' dir='ltr'><strong>patet,</strong></span> <span class='ocrx_word' id='word_1_106' title='bbox 848 1861 998 1940; x_wconf 85' lang='lat' dir='ltr'><strong>quomodo</strong></span> <span class='ocrx_word' id='word_1_107' title='bbox 1022 1861 1076 1920; x_wconf 91' lang='lat' dir='ltr'><strong>has</strong></span> <span class='ocrx_word' id='word_1_108' title='bbox 1106 1862 1235 1942; x_wconf 86' lang='lat' dir='ltr'><strong>Argivas</strong></span> <span class='ocrx_word' id='word_1_109' title='bbox 1254 1866 1288 1922; x_wconf 76' lang='lat' dir='ltr'><strong>ab</strong></span> 
     </span>
     <span class='ocr_line' id='line_1_15' title="bbox 202 1964 1290 2048; baseline 0 -22"><span class='ocrx_word' id='word_1_110' title='bbox 202 1968 304 2041; x_wconf 84' lang='lat' dir='ltr'><strong>eodem</strong></span> <span class='ocrx_word' id='word_1_111' title='bbox 342 1967 526 2048; x_wconf 86' lang='lat' dir='ltr'><strong>Melampode</strong></span> <span class='ocrx_word' id='word_1_112' title='bbox 555 1979 674 2027; x_wconf 89' lang='lat' dir='ltr'><strong>sanatas</strong></span> <span class='ocrx_word' id='word_1_113' title='bbox 702 1969 823 2041; x_wconf 79' lang='lat' dir='ltr'><strong>fuisse,</strong></span> <span class='ocrx_word' id='word_1_114' title='bbox 841 1985 859 2021; x_wconf 87' lang='lat' dir='ltr'><strong>a</strong></span> <span class='ocrx_word' id='word_1_115' title='bbox 877 1985 938 2044; x_wconf 85' lang='lat' dir='ltr'><strong>quo</strong></span> <span class='ocrx_word' id='word_1_116' title='bbox 962 1964 1156 2024; x_wconf 85' lang='lat' dir='ltr'><strong>Proetifiliae</strong></span> <span class='ocrx_word' id='word_1_117' title='bbox 1172 1977 1290 2026; x_wconf 88' lang='lat' dir='ltr'><strong>sanatae</strong></span> 
     </span>
     <span class='ocr_line' id='line_1_16' title="bbox 201 2071 1292 2154; baseline 0.001 -22"><span class='ocrx_word' id='word_1_118' title='bbox 201 2075 341 2146; x_wconf 85' lang='lat' dir='ltr'><strong>fuerant,</strong></span> <span class='ocrx_word' id='word_1_119' title='bbox 372 2073 472 2134; x_wconf 86' lang='lat' dir='ltr'><strong>dicere</strong></span> <span class='ocrx_word' id='word_1_120' title='bbox 496 2086 588 2154; x_wconf 85' lang='lat' dir='ltr'><strong>queat</strong></span> <span class='ocrx_word' id='word_1_121' title='bbox 618 2076 773 2136; x_wconf 86' lang='lat' dir='ltr'><strong>Diodorus.</strong></span> <span class='ocrx_word' id='word_1_122' title='bbox 795 2071 955 2132; x_wconf 87' lang='lat' dir='ltr'><strong>Obscurius</strong></span> <span class='ocrx_word' id='word_1_123' title='bbox 978 2071 1069 2129; x_wconf 88' lang='lat' dir='ltr'><strong>etiam</strong></span> <span class='ocrx_word' id='word_1_124' title='bbox 1096 2091 1159 2129; x_wconf 89' lang='lat' dir='ltr'><strong>rem</strong></span> <span class='ocrx_word' id='word_1_125' title='bbox 1186 2084 1292 2133; x_wconf 81' lang='lat' dir='ltr'><strong>narrat</strong></span> 
     </span>
     <span class='ocr_line' id='line_1_17' title="bbox 204 2176 1291 2258; baseline 0.002 -21"><span class='ocrx_word' id='word_1_126' title='bbox 204 2178 386 2254; x_wconf 89' lang='lat' dir='ltr'><strong>Pausanias,</strong></span> <span class='ocrx_word' id='word_1_127' title='bbox 408 2179 462 2257; x_wconf 91' lang='lat' dir='ltr'><strong>qui</strong></span> <span class='ocrx_word' id='word_1_128' title='bbox 483 2179 603 2238; x_wconf 88' lang='lat' dir='ltr'><strong>sibimet</strong></span> <span class='ocrx_word' id='word_1_129' title='bbox 621 2181 684 2258; x_wconf 89' lang='lat' dir='ltr'><strong>ipse</strong></span> <span class='ocrx_word' id='word_1_130' title='bbox 705 2187 840 2236; x_wconf 86' lang='lat' dir='ltr'><strong>constare</strong></span> <span class='ocrx_word' id='word_1_131' title='bbox 860 2198 922 2235; x_wconf 91' lang='lat' dir='ltr'><strong>non</strong></span> <span class='ocrx_word' id='word_1_132' title='bbox 943 2176 1076 2238; x_wconf 82' lang='lat' dir='ltr'><strong>videtur.</strong></span> <span class='ocrx_word' id='word_1_133' title='bbox 1116 2177 1173 2238; x_wconf 89' lang='lat' dir='ltr'><strong>Hic</strong></span> <span class='ocrx_word' id='word_1_134' title='bbox 1190 2179 1291 2256; x_wconf 89' lang='lat' dir='ltr'><strong>enim,</strong></span> 
     </span>
     <span class='ocr_line' id='line_1_18' title="bbox 203 2281 1292 2364; baseline 0.004 -22"><span class='ocrx_word' id='word_1_135' title='bbox 203 2304 299 2363; x_wconf 87' lang='lat' dir='ltr'><strong>quum</strong></span> <span class='ocrx_word' id='word_1_136' title='bbox 327 2282 361 2363; x_wconf 87' lang='lat' dir='ltr'><strong>(l.</strong></span> <span class='ocrx_word' id='word_1_137' title='bbox 380 2281 423 2362; x_wconf 89' lang='lat' dir='ltr'><strong>o.)</strong></span> <span class='ocrx_word' id='word_1_138' title='bbox 452 2283 597 2358; x_wconf 84' lang='lat' dir='ltr'><strong>dixisset,</strong></span> <span class='ocrx_word' id='word_1_139' title='bbox 620 2293 754 2362; x_wconf 86' lang='lat' dir='ltr'><strong>ternpore</strong></span> <span class='ocrx_word' id='word_1_140' title='bbox 783 2282 995 2362; x_wconf 74' lang='lat' dir='ltr'><strong>Anaxagorae,</strong></span> <span class='ocrx_word' id='word_1_141' title='bbox 1019 2283 1108 2364; x_wconf 86' lang='lat' dir='ltr'><strong>Argei</strong></span> <span class='ocrx_word' id='word_1_142' title='bbox 1128 2284 1203 2361; x_wconf 87' lang='lat' dir='ltr'><strong>lilii,</strong></span> <span class='ocrx_word' id='word_1_143' title='bbox 1226 2286 1292 2346; x_wconf 88' lang='lat' dir='ltr'><strong>Me-</strong></span> 
     </span>
     <span class='ocr_line' id='line_1_19' title="bbox 203 2387 1292 2470; baseline 0.002 -24"><span class='ocrx_word' id='word_1_144' title='bbox 203 2387 365 2466; x_wconf 88' lang='lat' dir='ltr'><strong>gapenthes</strong></span> <span class='ocrx_word' id='word_1_145' title='bbox 392 2389 510 2466; x_wconf 88' lang='lat' dir='ltr'><strong>nepotis</strong></span> <span class='ocrx_word' id='word_1_146' title='bbox 537 2388 624 2469; x_wconf 88' lang='grc'>(51),</span> <span class='ocrx_word' id='word_1_147' title='bbox 650 2387 807 2447; x_wconf 89' lang='lat' dir='ltr'><strong>insaniisse</strong></span> <span class='ocrx_word' id='word_1_148' title='bbox 828 2387 971 2466; x_wconf 85' lang='lat' dir='ltr'><strong>Argivas,</strong></span> <span class='ocrx_word' id='word_1_149' title='bbox 996 2407 1105 2470; x_wconf 84' lang='lat' dir='ltr'><strong>easque</strong></span> <span class='ocrx_word' id='word_1_150' title='bbox 1125 2410 1143 2447; x_wconf 89' lang='lat' dir='ltr'><strong>a</strong></span> <span class='ocrx_word' id='word_1_151' title='bbox 1164 2389 1292 2455; x_wconf 89' lang='lat' dir='ltr'><strong>Melam-</strong></span> 
     </span>
     <span class='ocr_line' id='line_1_20' title="bbox 202 2491 1295 2577; baseline 0.009 -29"><span class='ocrx_word' id='word_1_152' title='bbox 202 2491 279 2572; x_wconf 88' lang='lat' dir='ltr'><strong>pode</strong></span> <span class='ocrx_word' id='word_1_153' title='bbox 298 2511 360 2549; x_wconf 89' lang='lat' dir='ltr'><strong>esse</strong></span> <span class='ocrx_word' id='word_1_154' title='bbox 379 2501 512 2563; x_wconf 86' lang='lat' dir='ltr'><strong>sanatas,</strong></span> <span class='ocrx_word' id='word_1_155' title='bbox 536 2493 597 2549; x_wconf 90' lang='lat' dir='ltr'><strong>alio</strong></span> <span class='ocrx_word' id='word_1_156' title='bbox 614 2492 726 2551; x_wconf 88' lang='lat' dir='ltr'><strong>iterum</strong></span> <span class='ocrx_word' id='word_1_157' title='bbox 746 2491 812 2552; x_wconf 91' lang='lat' dir='ltr'><strong>loco</strong></span> <span class='ocrx_word' id='word_1_158' title='bbox 833 2491 912 2574; x_wconf 78' lang='lat'><strong>(52),</strong></span> <span class='ocrx_word' id='word_1_159' title='bbox 935 2494 971 2552; x_wconf 90' lang='lat' dir='ltr'><strong>ab</strong></span> <span class='ocrx_word' id='word_1_160' title='bbox 991 2495 1094 2554; x_wconf 89' lang='lat' dir='ltr'><strong>eodem</strong></span> <span class='ocrx_word' id='word_1_161' title='bbox 1104 2495 1295 2577; x_wconf 85' lang='lat' dir='ltr'><strong>Melampode</strong></span> 
     </span>
     <span class='ocr_line' id='line_1_21' title="bbox 203 2595 1292 2675; baseline 0.01 -21"><span class='ocrx_word' id='word_1_162' title='bbox 203 2595 281 2654; x_wconf 87' lang='lat' dir='ltr'><strong>filias</strong></span> <span class='ocrx_word' id='word_1_163' title='bbox 294 2595 413 2664; x_wconf 84' lang='lat' dir='ltr'><strong>Proeti,</strong></span> <span class='ocrx_word' id='word_1_164' title='bbox 438 2597 489 2654; x_wconf 89' lang='lat' dir='ltr'><strong>avi</strong></span> <span class='ocrx_word' id='word_1_165' title='bbox 511 2595 734 2674; x_wconf 77' lang='lat' dir='ltr'><strong>Megapenthes.</strong></span> <span class='ocrx_word' id='word_1_166' title='bbox 759 2618 776 2655; x_wconf 87' lang='lat' dir='ltr'><strong>a</strong></span> <span class='ocrx_word' id='word_1_167' title='bbox 797 2596 901 2658; x_wconf 86' lang='lat' dir='ltr'><strong>furore</strong></span> <span class='ocrx_word' id='word_1_168' title='bbox 920 2600 1010 2661; x_wconf 83' lang='lat' dir='ltr'><strong>fuisse</strong></span> <span class='ocrx_word' id='word_1_169' title='bbox 1019 2600 1175 2675; x_wconf 87' lang='lat' dir='ltr'><strong>liberatas,</strong></span> <span class='ocrx_word' id='word_1_170' title='bbox 1200 2601 1292 2666; x_wconf 88' lang='lat' dir='ltr'><strong>dicit.</strong></span> 
     </span>
     <span class='ocr_line' id='line_1_22' title="bbox 203 2697 1297 2780; baseline 0.011 -24"><span class='ocrx_word' id='word_1_171' title='bbox 203 2697 330 2773; x_wconf 81' lang='lat' dir='ltr'><strong>Videtur</strong></span> <span class='ocrx_word' id='word_1_172' title='bbox 359 2698 455 2778; x_wconf 85' lang='lat' dir='ltr'><strong>igitur</strong></span> <span class='ocrx_word' id='word_1_173' title='bbox 479 2697 695 2758; x_wconf 79' lang='lat' dir='ltr'><strong>recentioribus</strong></span> <span class='ocrx_word' id='word_1_174' title='bbox 723 2701 771 2760; x_wconf 91' lang='lat' dir='ltr'><strong>his</strong></span> <span class='ocrx_word' id='word_1_175' title='bbox 795 2705 984 2780; x_wconf 87' lang='lat' dir='ltr'><strong>auctoribus,</strong></span> <span class='ocrx_word' id='word_1_176' title='bbox 1009 2703 1143 2765; x_wconf 89' lang='lat' dir='ltr'><strong>Diodoro</strong></span> <span class='ocrx_word' id='word_1_177' title='bbox 1165 2717 1197 2766; x_wconf 93' lang='lat' dir='ltr'><strong>et</strong></span> <span class='ocrx_word' id='word_1_178' title='bbox 1214 2708 1297 2768; x_wconf 87' lang='lat' dir='ltr'><strong>Pau-</strong></span> 
     </span>
     <span class='ocr_line' id='line_1_23' title="bbox 205 2803 1295 2889; baseline 0.009 -27"><span class='ocrx_word' id='word_1_179' title='bbox 205 2806 304 2863; x_wconf 88' lang='lat' dir='ltr'><strong>saniae</strong></span> <span class='ocrx_word' id='word_1_180' title='bbox 314 2851 323 2880; x_wconf 87' lang='lat'><strong>,</strong></span> <span class='ocrx_word' id='word_1_181' title='bbox 341 2824 403 2862; x_wconf 91' lang='lat' dir='ltr'><strong>non</strong></span> <span class='ocrx_word' id='word_1_182' title='bbox 427 2803 501 2883; x_wconf 86' lang='lat' dir='ltr'><strong>adeo</strong></span> <span class='ocrx_word' id='word_1_183' title='bbox 523 2803 594 2864; x_wconf 89' lang='lat' dir='ltr'><strong>fides</strong></span> <span class='ocrx_word' id='word_1_184' title='bbox 622 2822 682 2863; x_wconf 87' lang='lat' dir='ltr'><strong>esse</strong></span> <span class='ocrx_word' id='word_1_185' title='bbox 702 2805 856 2883; x_wconf 86' lang='lat' dir='ltr'><strong>habenda,</strong></span> <span class='ocrx_word' id='word_1_186' title='bbox 877 2819 912 2867; x_wconf 89' lang='lat' dir='ltr'><strong>ut</strong></span> <span class='ocrx_word' id='word_1_187' title='bbox 932 2809 968 2868; x_wconf 94' lang='lat' dir='ltr'><strong>de</strong></span> <span class='ocrx_word' id='word_1_188' title='bbox 986 2809 1089 2868; x_wconf 87' lang='lat' dir='ltr'><strong>sorore</strong></span> <span class='ocrx_word' id='word_1_189' title='bbox 1107 2810 1295 2889; x_wconf 81' lang='lat' dir='ltr'><strong>Argirarurn</strong></span> 
     </span>
     <span class='ocr_line' id='line_1_24' title="bbox 200 2909 1295 2990; baseline 0.007 -22"><span class='ocrx_word' id='word_1_190' title='bbox 200 2909 352 2987; x_wconf 89' lang='lat' dir='ltr'><strong>judicium</strong></span> <span class='ocrx_word' id='word_1_191' title='bbox 379 2910 520 2970; x_wconf 82' lang='lat' dir='ltr'><strong>ieramus.</strong></span> <span class='ocrx_word' id='word_1_192' title='bbox 574 2910 663 2990; x_wconf 89' lang='lat' dir='ltr'><strong>Magis</strong></span> <span class='ocrx_word' id='word_1_193' title='bbox 692 2931 759 2968; x_wconf 91' lang='lat' dir='ltr'><strong>cum</strong></span> <span class='ocrx_word' id='word_1_194' title='bbox 792 2912 975 2990; x_wconf 88' lang='lat' dir='ltr'><strong>Apollodoro</strong></span> <span class='ocrx_word' id='word_1_195' title='bbox 1018 2915 1179 2973; x_wconf 80' lang='lat' dir='ltr'><strong>convenire</strong></span> <span class='ocrx_word' id='word_1_196' title='bbox 1214 2916 1295 2976; x_wconf 86' lang='lat' dir='ltr'><strong>mihi</strong></span> 
     </span>
     <span class='ocr_line' id='line_1_25' title="bbox 204 3012 1297 3095; baseline 0.009 -24"><span class='ocrx_word' id='word_1_197' title='bbox 204 3013 330 3072; x_wconf 84' lang='lat' dir='ltr'><strong>videtur</strong></span> <span class='ocrx_word' id='word_1_198' title='bbox 352 3013 525 3072; x_wconf 88' lang='lat' dir='ltr'><strong>Herodotus.</strong></span> <span class='ocrx_word' id='word_1_199' title='bbox 567 3012 619 3071; x_wconf 87' lang='lat' dir='ltr'><strong>llic</strong></span> <span class='ocrx_word' id='word_1_200' title='bbox 647 3013 729 3072; x_wconf 89' lang='lat' dir='ltr'><strong>enim</strong></span> <span class='ocrx_word' id='word_1_201' title='bbox 761 3013 846 3095; x_wconf 84' lang='grc'>(53),</span> <span class='ocrx_word' id='word_1_202' title='bbox 881 3016 954 3077; x_wconf 86' lang='lat' dir='ltr'><strong>licet</strong></span> <span class='ocrx_word' id='word_1_203' title='bbox 982 3015 1018 3076; x_wconf 91' lang='lat' dir='ltr'><strong>de</strong></span> <span class='ocrx_word' id='word_1_204' title='bbox 1048 3018 1148 3078; x_wconf 89' lang='lat' dir='ltr'><strong>Proeti</strong></span> <span class='ocrx_word' id='word_1_205' title='bbox 1176 3018 1297 3081; x_wconf 84' lang='lat' dir='ltr'><strong>filiabus</strong></span> 
     </span>
     <span class='ocr_line' id='line_1_26' title="bbox 204 3114 1297 3201; baseline 0.007 -24"><span class='ocrx_word' id='word_1_206' title='bbox 204 3114 266 3177; x_wconf 85' lang='lat' dir='ltr'><strong>non</strong></span> <span class='ocrx_word' id='word_1_207' title='bbox 287 3118 447 3196; x_wconf 87' lang='lat' dir='ltr'><strong>loquatur,</strong></span> <span class='ocrx_word' id='word_1_208' title='bbox 480 3114 673 3196; x_wconf 78' lang='lat' dir='ltr'><strong>mythum&#39;de</strong></span> <span class='ocrx_word' id='word_1_209' title='bbox 694 3117 816 3196; x_wconf 88' lang='lat' dir='ltr'><strong>Argivis</strong></span> <span class='ocrx_word' id='word_1_210' title='bbox 834 3139 852 3175; x_wconf 91' lang='lat' dir='ltr'><strong>a</strong></span> <span class='ocrx_word' id='word_1_211' title='bbox 875 3118 1062 3201; x_wconf 89' lang='lat' dir='ltr'><strong>Melampode</strong></span> <span class='ocrx_word' id='word_1_212' title='bbox 1087 3122 1190 3182; x_wconf 85' lang='lat' dir='ltr'><strong>surore</strong></span> <span class='ocrx_word' id='word_1_213' title='bbox 1205 3145 1297 3185; x_wconf 89' lang='lat' dir='ltr'><strong>sana-</strong></span> 
     </span>
     <span class='ocr_line' id='line_1_27' title="bbox 203 3221 1298 3310; baseline 0.006 -29"><span class='ocrx_word' id='word_1_214' title='bbox 203 3224 243 3282; x_wconf 89' lang='lat' dir='ltr'><strong>tis</strong></span> <span class='ocrx_word' id='word_1_215' title='bbox 270 3222 372 3280; x_wconf 90' lang='lat' dir='ltr'><strong>eodem</strong></span> <span class='ocrx_word' id='word_1_216' title='bbox 401 3222 464 3280; x_wconf 87' lang='lat' dir='ltr'><strong>sere</strong></span> <span class='ocrx_word' id='word_1_217' title='bbox 479 3221 566 3280; x_wconf 90' lang='lat' dir='ltr'><strong>modo</strong></span> <span class='ocrx_word' id='word_1_218' title='bbox 587 3231 711 3297; x_wconf 88' lang='lat' dir='ltr'><strong>narrat,</strong></span> <span class='ocrx_word' id='word_1_219' title='bbox 732 3242 794 3300; x_wconf 89' lang='lat' dir='ltr'><strong>quo</strong></span> <span class='ocrx_word' id='word_1_220' title='bbox 812 3224 1020 3305; x_wconf 89' lang='lat' dir='ltr'><strong>Apollodorus.</strong></span> <span class='ocrx_word' id='word_1_221' title='bbox 1061 3227 1162 3299; x_wconf 86' lang='lat' dir='ltr'><strong>Quum</strong></span> <span class='ocrx_word' id='word_1_222' title='bbox 1183 3249 1298 3310; x_wconf 84' lang='lat' dir='ltr'><strong>nempe</strong></span> 
     </span>
     <span class='ocr_line' id='line_1_28' title="bbox 205 3322 1297 3409; baseline 0.005 -23"><span class='ocrx_word' id='word_1_223' title='bbox 205 3327 388 3406; x_wconf 84' lang='lat' dir='ltr'><strong>Argivorum</strong></span> <span class='ocrx_word' id='word_1_224' title='bbox 407 3326 547 3384; x_wconf 90' lang='lat' dir='ltr'><strong>mulieres</strong></span> <span class='ocrx_word' id='word_1_225' title='bbox 568 3326 672 3385; x_wconf 86' lang='lat' dir='ltr'><strong>surore</strong></span> <span class='ocrx_word' id='word_1_226' title='bbox 692 3336 791 3385; x_wconf 84' lang='lat' dir='ltr'><strong>essent</strong></span> <span class='ocrx_word' id='word_1_227' title='bbox 812 3339 966 3408; x_wconf 85' lang='lat' dir='ltr'><strong>correptae</strong></span> <span class='ocrx_word' id='word_1_228' title='bbox 993 3339 1023 3388; x_wconf 89' lang='lat' dir='ltr'><strong>et</strong></span> <span class='ocrx_word' id='word_1_229' title='bbox 1043 3322 1148 3409; x_wconf 85' lang='lat' dir='ltr'><strong>Argivi</strong></span> <span class='ocrx_word' id='word_1_230' title='bbox 1166 3332 1297 3391; x_wconf 83' lang='lat' dir='ltr'><strong>Melam-</strong></span> 
     </span>
    </p>
   </div>
   <div class='ocr_carea' id='block_1_3' title="bbox 203 3430 1296 3513">
    <p class='ocr_par' dir='ltr' id='par_1_3' title="bbox 203 3430 1296 3513">
     <span class='ocr_line' id='line_1_29' title="bbox 203 3430 1296 3513; baseline 0.005 -22"><span class='ocrx_word' id='word_1_231' title='bbox 203 3431 275 3512; x_wconf 88' lang='lat' dir='ltr'><strong>podi</strong></span> <span class='ocrx_word' id='word_1_232' title='bbox 291 3430 461 3490; x_wconf 87' lang='lat' dir='ltr'><strong>dimidium</strong></span> <span class='ocrx_word' id='word_1_233' title='bbox 492 3430 600 3510; x_wconf 83' lang='lat' dir='ltr'><strong>regni,</strong></span> <span class='ocrx_word' id='word_1_234' title='bbox 629 3430 708 3508; x_wconf 88' lang='lat' dir='ltr'><strong>quod</strong></span> <span class='ocrx_word' id='word_1_235' title='bbox 746 3432 912 3492; x_wconf 88' lang='lat' dir='ltr'><strong>mercedem</strong></span> <span class='ocrx_word' id='word_1_236' title='bbox 934 3435 1124 3513; x_wconf 84' lang='lat' dir='ltr'><strong>postulasset,</strong></span> <span class='ocrx_word' id='word_1_237' title='bbox 1159 3436 1296 3496; x_wconf 87' lang='lat' dir='ltr'><strong>tribuere</strong></span> 
     </span>
    </p>
   </div>
   <div class='ocr_carea' id='block_1_4' title="bbox 204 3625 1289 4096">
    <p class='ocr_par' dir='ltr' id='par_1_4' title="bbox 235 3625 898 3687">
     <span class='ocr_line' id='line_1_30' title="bbox 235 3625 898 3687; baseline -0.006 -13"><span class='ocrx_word' id='word_1_238' title='bbox 235 3632 283 3687; x_wconf 82' lang='grc'>(49)</span> <span class='ocrx_word' id='word_1_239' title='bbox 307 3631 378 3674; x_wconf 88' lang='lat' dir='ltr'><strong>Dron.</strong></span> <span class='ocrx_word' id='word_1_240' title='bbox 394 3631 440 3672; x_wconf 87' lang='lat' dir='ltr'><strong>Src.</strong></span> <span class='ocrx_word' id='word_1_241' title='bbox 455 3628 507 3670; x_wconf 88' lang='lat' dir='ltr'><strong>Lib.</strong></span> <span class='ocrx_word' id='word_1_242' title='bbox 522 3627 563 3670; x_wconf 86' lang='lat' dir='ltr'><strong>lv.</strong></span> <span class='ocrx_word' id='word_1_243' title='bbox 579 3641 600 3669; x_wconf 86' lang='lat' dir='ltr'><strong>c.</strong></span> <span class='ocrx_word' id='word_1_244' title='bbox 616 3629 653 3670; x_wconf 87' lang='lat'><strong>68.</strong></span> <span class='ocrx_word' id='word_1_245' title='bbox 670 3625 744 3678; x_wconf 85' lang='lat' dir='ltr'><strong>(Tam.</strong></span> <span class='ocrx_word' id='word_1_246' title='bbox 754 3625 784 3671; x_wconf 83' lang='grc'><strong>-1,</strong></span> <span class='ocrx_word' id='word_1_247' title='bbox 798 3640 821 3680; x_wconf 88' lang='lat' dir='ltr'><strong>p.</strong></span> <span class='ocrx_word' id='word_1_248' title='bbox 836 3627 898 3683; x_wconf 82' lang='lat'>313.)</span> 
     </span>
    </p>

    <p class='ocr_par' dir='ltr' id='par_1_5' title="bbox 235 3710 573 3771">
     <span class='ocr_line' id='line_1_31' title="bbox 235 3710 573 3771; baseline -0.009 -15"><span class='ocrx_word' id='word_1_249' title='bbox 235 3713 283 3771; x_wconf 85' lang='lat'>(50)</span> <span class='ocrx_word' id='word_1_250' title='bbox 299 3715 368 3756; x_wconf 77' lang='lat' dir='ltr'><strong>Paos.</strong></span> <span class='ocrx_word' id='word_1_251' title='bbox 383 3713 435 3755; x_wconf 90' lang='lat' dir='ltr'><strong>Lib.</strong></span> <span class='ocrx_word' id='word_1_252' title='bbox 450 3711 483 3758; x_wconf 88' lang='lat'><strong>11.</strong></span> <span class='ocrx_word' id='word_1_253' title='bbox 499 3725 519 3752; x_wconf 90' lang='lat' dir='ltr'><strong>c.</strong></span> <span class='ocrx_word' id='word_1_254' title='bbox 537 3710 573 3753; x_wconf 80' lang='lat'><strong>18.</strong></span> 
     </span>
    </p>

    <p class='ocr_par' dir='ltr' id='par_1_6' title="bbox 204 3791 1289 3934">
     <span class='ocr_line' id='line_1_32' title="bbox 235 3791 1289 3850; baseline -0.002 -14"><span class='ocrx_word' id='word_1_255' title='bbox 235 3794 284 3850; x_wconf 84' lang='lat'>(51)</span> <span class='ocrx_word' id='word_1_256' title='bbox 306 3795 353 3850; x_wconf 84' lang='lat' dir='ltr'><strong>Qui</strong></span> <span class='ocrx_word' id='word_1_257' title='bbox 372 3793 529 3850; x_wconf 78' lang='lat' dir='ltr'><strong>Megapentlres</strong></span> <span class='ocrx_word' id='word_1_258' title='bbox 549 3792 598 3835; x_wconf 83' lang='lat' dir='ltr'><strong>suit</strong></span> <span class='ocrx_word' id='word_1_259' title='bbox 616 3793 686 3848; x_wconf 82' lang='lat' dir='ltr'><strong>ipsius</strong></span> <span class='ocrx_word' id='word_1_260' title='bbox 700 3792 846 3846; x_wconf 82' lang='lat' dir='ltr'><strong>Melampodis</strong></span> <span class='ocrx_word' id='word_1_261' title='bbox 860 3805 887 3833; x_wconf 85' lang='lat' dir='ltr'><strong>ex</strong></span> <span class='ocrx_word' id='word_1_262' title='bbox 902 3791 1031 3845; x_wconf 74' lang='lat' dir='ltr'><strong>Iphianassai</strong></span> <span class='ocrx_word' id='word_1_263' title='bbox 1040 3793 1110 3839; x_wconf 88' lang='lat' dir='ltr'><strong>lilios.</strong></span> <span class='ocrx_word' id='word_1_264' title='bbox 1125 3792 1289 3847; x_wconf 60' lang='lat' dir='ltr'><strong>(cursans.</strong></span> 
     </span>
     <span class='ocr_line' id='line_1_33' title="bbox 204 3873 587 3934; baseline -0.016 -13"><span class='ocrx_word' id='word_1_265' title='bbox 204 3878 287 3934; x_wconf 78' lang='lat' dir='ltr'><strong>fragm.</strong></span> <span class='ocrx_word' id='word_1_266' title='bbox 302 3876 330 3918; x_wconf 85' lang='lat' dir='ltr'><strong>ed</strong></span> <span class='ocrx_word' id='word_1_267' title='bbox 343 3876 418 3918; x_wconf 82' lang='lat' dir='ltr'><strong>Sttirz.</strong></span> <span class='ocrx_word' id='word_1_268' title='bbox 435 3873 472 3918; x_wconf 78' lang='lat'><strong>26.</strong></span> <span class='ocrx_word' id='word_1_269' title='bbox 487 3888 510 3928; x_wconf 88' lang='lat' dir='ltr'><strong>p.</strong></span> <span class='ocrx_word' id='word_1_270' title='bbox 527 3873 587 3929; x_wconf 85' lang='lat'><strong>125.)</strong></span> 
     </span>
    </p>

    <p class='ocr_par' dir='ltr' id='par_1_7' title="bbox 234 3956 763 4019">
     <span class='ocr_line' id='line_1_34' title="bbox 234 3956 763 4019; baseline -0.009 -17"><span class='ocrx_word' id='word_1_271' title='bbox 234 3957 282 4018; x_wconf 82' lang='lat'>(25)</span> <span class='ocrx_word' id='word_1_272' title='bbox 297 3960 366 4001; x_wconf 72' lang='lat' dir='ltr'><strong>Paos.</strong></span> <span class='ocrx_word' id='word_1_273' title='bbox 380 3956 433 3999; x_wconf 80' lang='lat' dir='ltr'><strong>Lib.</strong></span> <span class='ocrx_word' id='word_1_274' title='bbox 448 3956 520 4000; x_wconf 79' lang='lat' dir='ltr'><strong>Vm.</strong></span> <span class='ocrx_word' id='word_1_275' title='bbox 534 3969 555 3998; x_wconf 85' lang='lat' dir='ltr'><strong>c.</strong></span> <span class='ocrx_word' id='word_1_276' title='bbox 573 3956 608 3999; x_wconf 76' lang='lat' dir='ltr'><strong>ts.</strong></span> <span class='ocrx_word' id='word_1_277' title='bbox 624 3968 646 4011; x_wconf 84' lang='lat' dir='ltr'><strong>p.</strong></span> <span class='ocrx_word' id='word_1_278' title='bbox 663 3956 715 4019; x_wconf 64' lang='grc'><strong>656.</strong></span> <span class='ocrx_word' id='word_1_279' title='bbox 729 3968 763 4008; x_wconf 85' lang='lat' dir='ltr'><strong>sq.</strong></span> 
     </span>
    </p>

    <p class='ocr_par' dir='ltr' id='par_1_8' title="bbox 233 4034 608 4096">
     <span class='ocr_line' id='line_1_35' title="bbox 233 4034 608 4096; baseline -0.013 -11"><span class='ocrx_word' id='word_1_280' title='bbox 233 4040 283 4096; x_wconf 83' lang='grc'>(53)</span> <span class='ocrx_word' id='word_1_281' title='bbox 297 4039 391 4083; x_wconf 72' lang='lat' dir='ltr'><strong>nasos.</strong></span> <span class='ocrx_word' id='word_1_282' title='bbox 406 4035 459 4080; x_wconf 82' lang='lat' dir='ltr'><strong>Lib.</strong></span> <span class='ocrx_word' id='word_1_283' title='bbox 473 4034 518 4079; x_wconf 90' lang='lat' dir='ltr'><strong>IX.</strong></span> <span class='ocrx_word' id='word_1_284' title='bbox 533 4050 554 4082; x_wconf 86' lang='lat' dir='ltr'><strong>c.</strong></span> <span class='ocrx_word' id='word_1_285' title='bbox 569 4034 608 4080; x_wconf 72' lang='lat'><strong>34.</strong></span> 
     </span>
    </p>
   </div>
   <div class='ocr_carea' id='block_1_5' title="bbox 0 0 1382 4710">
    <p class='ocr_par' dir='ltr' id='par_1_9' title="bbox 0 0 1382 4710">
     <span class='ocr_line' id='line_1_36' title="bbox 0 0 1382 4710; baseline 0 1"><span class='ocrx_word' id='word_1_286' title='bbox 0 0 1382 4710; x_wconf 95' lang='lat' dir='ltr'><strong> </strong></span> 
     </span>
    </p>
   </div>
  </div>
 </body>
</html>
