2754 4710
586 470 787 531 ...53-

147 627 251 703 cieus,
274 628 364 701 dicit,
387 628 496 690 llosem
513 630 688 710 peritiorem
711 631 783 690 artis
804 630 905 706 illius,
928 653 987 712 qua
1010 634 1107 695 morbi
1142 654 1230 715 prae·

155 746 312 799 caventur.
339 754 430 813 quam
458 734 551 813 ipsius
573 734 645 796 artis
671 737 809 796 medendi
828 736 918 797 fuisse
946 736 1023 820 (ii).
1065 738 1139 816 Sed,
1162 760 1226 799 rec·

155 848 180 896 te
206 838 251 898 sic
281 837 412 927 judicari
446 836 571 911 lllosem,
606 838 668 917 ipse
694 841 816 900 dubito:
839 861 900 899 non
929 843 1008 900 enim
1041 842 1103 899 viri
1128 842 1227 902 divini

152 944 247 1023 potuit
265 964 326 1001 esse
356 943 535 1020 consilium,
557 945 714 1023 inlibris,
746 947 802 1025 qui
826 947 865 1005 ab
890 967 925 1004 eo
952 946 1114 1025 conscripti
1141 947 1225 1007 nobis

152 1058 326 1128 supersunt,
354 1061 512 1128 praecepta
540 1050 576 1107 de
605 1050 715 1110 morbis
744 1050 882 1109 curandis
916 1050 1052 1125 tradere,
1078 1051 1125 1108 uti
1160 1051 1224 1127 jam

150 1152 182 1211 in
199 1152 296 1232 capite
305 1198 314 1228 ,
346 1152 400 1211 ubi
423 1153 459 1211 de
477 1154 560 1232 lepra
577 1174 642 1211 snm
662 1154 778 1213 loeutus
788 1200 796 1228 ,
814 1154 958 1232 exposui:
980 1153 1130 1231 exipsius
1148 1173 1222 1212 vero

149 1255 246 1336 leprae
261 1267 400 1316 accurata
421 1268 655 1338 symptomatum
678 1256 881 1316 essentialium
913 1256 1113 1337 descriptione
1140 1267 1225 1315 etex

150 1360 239 1440 signis
257 1350 389 1439 partium
414 1361 588 1439 genitalium
611 1360 723 1433 morbi,
747 1380 822 1439 quae
848 1360 882 1417 iu
908 1360 1005 1439 capite
1035 1360 1098 1420 XV.
1140 1359 1225 1418 Libri

151 1462 246 1538 tertii,
269 1463 321 1540 qui
332 1459 589 1522 blosi'inseribitur
598 1509 608 1539 ,
629 1462 803 1535 traduntur,
826 1474 927 1543 patet,
947 1464 1028 1524 hunc
1044 1465 1219 1544 uosologiae,

149 1575 224 1625 certe
243 1565 322 1643 quod
354 1566 390 1623 ad
416 1567 533 1626 morbos
560 1575 698 1625 externos
720 1546 849 1644 attinet,
877 1569 1015 1648 ignarum
1035 1591 1096 1628 uon
1117 1570 1219 1629 luisse.

150 1669 234 1743 Quod
253 1679 352 1727 autem
373 1670 410 1727 ad
430 1670 473 1728 rei
494 1670 667 1732 diaeteticse
686 1673 824 1751 peritiam
842 1674 1049 1734 israelitarum
1070 1675 1222 1752 legislato-

152 1773 190 1832 ris
208 1772 334 1849 attinet,
357 1773 448 1852 hujus
467 1785 641 1852 argumenta
661 1775 811 1854 imprimis
831 1785 975 1854 petuntur
995 1797 1032 1835 ex
1052 1778 1166 1856 legibus
1181 1777 1224 1836 ci-

150 1877 237 1935 bariis
258 1886 343 1934 etex
364 1876 418 1948 iis,
441 1880 518 1954 qliae
539 1879 575 1937 de
604 1879 694 1938 variis
718 1882 851 1959 partium
870 1883 1043 1959 genitalium
1062 1882 1224 1960 impurita-

150 1982 226 2041 tibus
255 1991 357 2060 a‘guut.
397 1981 458 2040 Hos
480 1982 589 2062 igitur,
623 2004 714 2061 quum
740 1984 814 2042 milri
842 1985 1026 2043 necessitudo
1051 1985 1131 2042 inter
1150 1985 1226 2059 leges

152 2086 290 2144 Mosaicas
308 2093 338 2142 et
352 2085 530 2143 medicinam
554 2087 593 2145 sit
610 2085 789 2166 indicanda,
817 2109 898 2147 nunc
924 2097 1105 2168 pertractare
1134 2089 1222 2162 volo,
1280 2123 1285 2131 ·

152 2210 210 2248 non
229 2201 262 2248 ut
283 2209 331 2247 eas
349 2210 471 2267 prorsus
492 2191 619 2250 medicas
647 2192 859 2271 pronuntiem,
889 2191 940 2249 sed
959 2191 1166 2277 tantummodo
1192 2199 1226 2248 ut

152 2306 298 2376 appareat,
313 2317 472 2376 quamnam
483 2298 643 2356 utilitatem
653 2298 804 2376 religionis
816 2297 913 2356 cultus
929 2295 1071 2355 Israelitis
1087 2294 1228 2355 habuerit

152 2401 188 2460 ad
205 2400 337 2481 eorporis
362 2401 562 2480 integritatem
582 2401 768 2463 servandam.

648 2611 732 2687 §28-
791 2667 795 2675 .

190 2806 313 2880 liritium
336 2819 442 2889 sariam
462 2821 499 2878 ab
524 2820 581 2893 iis,
605 2837 680 2898 quae
694 2829 792 2899 partes
810 2818 970 2898 genitales,
995 2831 1157 2892 earumque
1178 2813 1223 2871 al-

149 2926 294 2984 lectiones
313 2931 446 3000 spectant
465 2933 496 2979 et
514 2923 612 3001 primo
633 2923 753 3001 quidem
774 2922 837 2980 loeo
856 2922 892 2978 ab
901 2918 1075 2997 impuritate
1096 2936 1133 2974 ex
1143 2915 1225 2996 coitu

145 3027 293 3108 legitimo.
332 3025 429 3102 Hujus
449 3035 549 3084 autem
558 3025 717 3104 impuritas
736 3025 774 3083 ad
793 3045 947 3104 vesperam
967 3042 1060 3101 usque
1081 3020 1225 3100 perdura-

106 3182 113 3191 .
144 3132 197 3194 bat
226 3131 383 3214 (titulos.
411 3131 479 3191 XV.
515 3127 577 3208 19).
623 3130 733 3189 lllultos
760 3129 846 3188 Asiae
875 3127 999 3208 populos
1020 3146 1057 3185 ex
1078 3126 1134 3183 hoc
1156 3135 1225 3182 actu

142 3239 348 3320 impuritatem
366 3237 514 3317 quandam
533 3236 625 3312 oriri,
649 3233 822 3305 credidisse,
845 3253 883 3290 ex
898 3229 1045 3312 ¹profanis
1059 3227 1228 3303 auctoribus

141 3343 263 3404 abunde
280 3352 376 3421 patet:
400 3341 537 3421 Assyrios
547 3387 568 3416 ‚,
578 3341 813 3421 Babyloniosque
830 3348 895 3418 post
909 3338 1020 3396 coitum
1036 3353 1151 3411 semper
1158 3354 1224 3392 ma·
1239 3356 1242 3361 ’

147 3468 186 3506 ne
199 3445 313 3522 lavari,
331 3455 490 3524 antequam
501 3444 614 3523 aliquid
628 3444 816 3524 attingerent,
838 3442 988 3500 affirmant
1005 3438 1110 3499 Strabo
1123 3448 1154 3496 et
1165 3437 1225 3498 He-

145 3551 285 3611 rodotus:
312 3570 441 3628 quorum
468 3548 518 3607 hic
544 3548 621 3607 idem
655 3549 691 3606 de
719 3547 862 3611 ,trabibus
891 3553 994 3604 narrat
1021 3541 1107 3625 (75);
1145 3542 1225 3622 apud

124 3654 128 3661 ’
152 3655 312 3737 Aegyptios
335 3655 425 3714 etiam
452 3655 533 3715 nefas
550 3653 724 3726 ducebatur,
748 3653 864 3712 illotnm
883 3672 902 3708 a
919 3647 1080 3709 concubitu
1095 3647 1128 3708 in
1148 3655 1226 3707 tem-

145 3791 347 3804 m—

180 3832 227 3890 (74)
244 3832 307 3874 Essni
322 3833 446 3887 historiqur
459 3847 499 3873 sur
511 3832 532 3873 la
545 3829 653 3872 midicine
665 3831 702 3873 <les
714 3827 822 3872 Hibreux
834 3839 875 3881 par
887 3825 967 3866 Durrn
980 3825 1124 3874 Carassura,
1138 3822 1223 3887 Moat-

148 3916 249 3971 pellier,
266 3913 330 3958 1815.
344 3929 367 3970 p.
384 3914 420 3957 29.

180 3994 227 4054 (75)
244 3997 340 4042 Sarrano.
355 3996 405 4039 Lib.
421 3997 488 4042 XVI.
502 4011 525 4053 p.
542 3996 606 4040 1081.
619 3997 648 4040 Β.
662 4019 691 4029 ·-·
702 3995 797 4040 rtnuon.
811 3993 863 4036 Lib.
878 3993 898 4035 1.
912 4005 931 4032 t.
946 3989 996 4034 let.
