2754 4710
573 449 792 509 -150-

145 629 214 668 rum
237 610 441 688 ,interpretem
472 610 659 670 consulerent
682 613 779 686 (tem
803 614 853 691 ἄγε
869 608 986 690 differre
1003 619 1111 690 μάντιν
1130 619 1216 694 ἐρείο-

144 743 212 796 μεν,
235 721 254 792 ἢ
273 723 374 802 cippo,
397 728 446 778 ”H
461 726 510 778 καὶ
530 717 732 798 ὀνειροπόλον)
756 713 840 798 (85):
863 737 903 776 ex
921 738 983 797 quo
1003 704 1068 777 looo
1079 719 1217 778 conficere

143 845 313 903 possumus,
346 832 429 882 vates
440 868 449 899 ,
472 821 637 882 sacerdotes
654 829 685 880 et
714 823 898 880 somniorum
924 822 1119 903 interpretes,
1151 823 1218 883 lieet

144 949 245 988 omnes
266 927 300 986 in
318 928 429 987 morbis
449 926 691 998 consulerentur,
718 932 790 982 tunc
812 925 953 1004 temporis
961 926 1043 1002 jam,
1068 927 1219 986 interdum

143 1033 264 1105 saltem,
287 1052 305 1088 a
322 1030 500 1091 seinvicem
519 1029 688 1088 differentes
708 1047 846 1108 personas
865 1028 957 1086 fuisse
979 1027 1056 1110 (86).
1100 1030 1160 1089 Nos
1170 1051 1220 1090 au·

142 1147 203 1196 tem
226 1137 264 1196 de
279 1136 496 1196 necessitudine
516 1144 648 1215 agentes,
691 1114 766 1214 quae
788 1135 847 1195 suit
864 1135 946 1193 inter
959 1136 1087 1194 Deorum
1107 1137 1220 1196 cultum

144 1254 175 1303 et
207 1243 407 1319 medicinam,
447 1243 546 1322 primo
577 1241 644 1301 loco
665 1238 802 1316 exempla
832 1237 989 1296 afferemus
1016 1237 1219 1309 medicorum,

143 1349 198 1427 qui
209 1347 299 1406 simul
308 1356 389 1406 votes
403 1355 436 1405 et
449 1345 610 1405 sacerdotes
626 1353 728 1419 erant,
746 1343 816 1402 dein
837 1343 873 1402 de
889 1343 927 1402 iis
935 1363 1063 1421 agemus,
1077 1345 1144 1424 qui,
1153 1345 1220 1403 lieet

144 1472 199 1511 nec
217 1460 316 1522 vates,
340 1470 395 1508 nec
411 1449 574 1508 sacerdotes
591 1450 706 1510 suerint
715 1494 724 1525 ,
746 1461 847 1508 mmen
861 1449 1101 1508 incantationum
1121 1449 1222 1509 etlus·

144 1556 311 1615 trationum
327 1573 383 1632 ope
403 1553 556 1612 curabant.

635 1738 658 1813 a.
683 1741 728 1798 ro.

185 1925 287 1983 Primo
305 1923 398 2002 igitur
414 1923 479 1981 loco
506 1921 542 1980 de
570 1920 691 2000 Orpheo
714 1942 809 2000 agam.
854 1911 875 1981 F
880 1929 991 1981 uerunt
1020 1940 1056 1979 ex
1077 1920 1220 1979 recentio-

144 2028 227 2087 ribus
258 2047 329 2085 vero
337 2073 347 2103 ,
379 2025 433 2104 qni
446 2072 454 2100 ‚
488 2045 527 2082 an
566 2045 671 2084 revera
702 2025 841 2106 Orpheus
874 2024 906 2083 in
939 2027 1027 2084 terris
1052 2026 1219 2094 exstiterit,

145 2132 234 2190 dubia
268 2141 428 2190 moverunt
452 2140 482 2188 et
514 2129 720 2202 crediderunt,
754 2138 855 2210 poetas
891 2131 1053 2190 recentiori
1092 2141 1222 2212 ternpore

144 2235 264 2314 mythos
282 2235 321 2293 ad
338 2234 492 2314 Orpheum
511 2235 696 2314 pertinentes
715 2236 903 2315 excogitasse.
943 2235 1044 2295 Meum
1065 2246 1147 2295 certe
1168 2255 1222 2294 non

143 2351 206 2414 est,
233 2339 384 2416 judicium
409 2337 545 2416 proferre
571 2337 607 2395 de
635 2341 825 2418 quaestione,
860 2339 897 2398 de
922 2360 981 2418 qua
1012 2348 1058 2397 tot
1088 2341 1224 2420 tantique

144 2440 206 2500 vlri
238 2449 427 2515 meruerunt,
459 2441 509 2500 sed
538 2451 638 2502 tamen
662 2444 720 2503 hoc
741 2445 928 2504 observatum
952 2445 1022 2503 volo
1033 2492 1042 2521 ,
1065 2465 1128 2504 non
1140 2466 1224 2506 exeo

143 2545 267 2624 probari
300 2565 400 2626 posse,
436 2545 567 2625 aliquem
600 2546 702 2629 tirum
739 2547 948 2627 antiquissimo
996 2558 1132 2628 tempore
1168 2571 1227 2609 non

144 2651 305 2724 exstitisse,
345 2649 425 2728 quod
452 2648 656 2730 antiquissimi
688 2661 821 2711 auctores
850 2652 915 2730 ejus
945 2652 1133 2712 mentionem
1167 2675 1225 2714 non

143 2755 265 2815 faciant.
307 2754 497 2814 Recentiores
526 2765 626 2816 autem
654 2777 755 2816 omnes
784 2779 845 2816 uno
867 2757 953 2836 quasi
973 2778 1023 2815 ore
1044 2757 1081 2816 de
1100 2759 1227 2840 Orpheo

145 2860 349 2936 conveniunt,
374 2881 503 2940 eumque
525 2850 587 2919 tion
610 2863 705 2922 solum
727 2869 845 2942 poetam
864 2861 1031 2939 eximium,
1051 2863 1102 2921 sed
1122 2874 1154 2923 et
1175 2887 1229 2924 va-

143 2975 205 3024 tem
233 2964 399 3043 insignem,
441 2985 593 3023 sacrorum
622 2966 736 3025 rituum
773 2965 978 3024 institutorem
1015 2974 1045 3022 et
1072 2966 1230 3028 medicum

144 3069 294 3150 egregium
326 3081 451 3142 vocant,
481 3071 679 3152 omnibusque
709 3090 813 3129 eorum
846 3069 1056 3128 traditionibus
1078 3071 1169 3132 nobis
1188 3074 1231 3132 ita

143 3174 283 3254 Orpheus
293 3174 481 3252 describitur,
495 3176 596 3254 quales
606 3183 694 3234 erant
701 3174 847 3252 sapientes
856 3173 919 3251 ejus
929 3173 1015 3251 aevi,
1036 3195 1097 3252 quo
1115 3175 1231 3237 vixisse

145 3286 233 3357 poeta
245 3278 296 3336 ille
307 3278 549 3352 existimabatur,
569 3279 760 3359 quamobrem
775 3296 844 3334 cum
856 3276 1031 3336 traditiones
1050 3275 1122 3336 illae
1141 3280 1231 3339 nobis

143 3381 276 3441 reserant
294 3381 452 3462 imaginem
475 3381 636 3462 perfectam
659 3380 798 3460 sapientis
811 3380 900 3457 hujus
921 3381 1126 3460 antiquissimi
1149 3393 1230 3443 tem·

144 3488 242 3565 poris,
262 3487 298 3545 de
317 3486 433 3566 Orpheo
457 3488 620 3565 itaagam,
652 3508 686 3546 ac
710 3486 748 3546 tle
773 3486 859 3563 viro,
886 3487 938 3566 qui
959 3506 1065 3546 revera
1083 3487 1118 3546 in
1137 3493 1232 3550 terris

144 3591 257 3668 degerit
276 3590 353 3671 (87).
394 3590 590 3650 Philochorus
611 3592 645 3649 in
658 3591 737 3650 libro
755 3589 852 3670 primo
874 3591 910 3648 de
928 3591 1130 3652 Divinatione
1153 3615 1228 3654 eum

176 3786 223 3841 (86)
240 3790 274 3828 Dc
288 3790 379 3831 arctiori
393 3789 552 3830 necessitudine
566 3789 625 3830 inter
637 3789 773 3830 sacerdotale
792 3803 874 3830 munus
893 3795 915 3829 et
934 3789 1067 3831 vaticinium
1086 3792 1116 3831 ab
1139 3807 1188 3836 una
1209 3803 1233 3836 et

146 3869 289 3910 scientiarum
302 3870 430 3922 artiumque
445 3869 625 3911 exercitationem
638 3873 665 3912 nb
680 3873 751 3914 altera
765 3871 828 3928 parte
836 3903 842 3922 ,
863 3873 974 3928 imprimis
988 3873 1019 3915 cl.
1033 3874 1060 3914 P.
1070 3888 1094 3918 v.
1111 3876 1230 3920 Linum

146 3951 280 3995 Bnoown.
300 3951 400 3993 Histoire
413 3951 439 3994 de
452 3953 474 3993 la
488 3953 557 3995 civit.
572 3954 608 3995 des
623 3953 699 3995 Grecs.
715 3957 778 3996 Part.
794 3956 813 3996 I.
829 3956 894 3997 Tom.
910 3956 929 3996 1.
944 3969 967 4010 p.
983 3954 1034 3997 274.
1049 3969 1099 4008 sqq.

176 4032 223 4091 (et)
239 4037 266 4077 P.
282 4048 304 4076 r.
320 4035 577 4084 LrnsunoBaouwsn,
598 4037 615 4082 l.
629 4052 649 4078 c.
664 4038 727 4078 Part.
743 4038 763 4078 1.
779 4036 809 4078 Τ.
825 4035 845 4080 l.
865 4053 887 4092 p¹
910 4037 952 4079 3³9
967 4051 1013 4091 sq.:
1036 4061 1067 4072 -·
1089 4038 1231 4094 nQnoiqu'il
