2754 4710
659 477 860 536 „54-

221 638 269 717 pla
286 635 499 714 intrarem).
544 612 630 716 Apud
663 637 716 697 bos
744 660 813 698 usus
841 639 930 698 hocce
958 657 996 696 ex
1017 659 1117 698 caussa
1144 640 1301 700 diaetetica

221 741 365 821 originem
396 741 514 802 duxisse
542 718 603 800 non
629 742 767 815 videtur,
791 740 842 800 sed
863 740 1029 800 arctissime
1049 741 1211 802 cohaesisse
1231 765 1300 802 cum

221 869 255 908 ea
283 858 344 906 tam
371 847 430 906 late
456 867 512 926 per
545 847 654 906 barum
683 847 838 927 regionum
864 845 976 903 incolas
999 834 1119 925 vulgata
1139 847 1295 926 opinione,

222 971 282 1031 qua
310 951 445 1010 omnibus
466 952 519 1024 iis,
542 970 617 1029 quae
643 950 680 1011 ad
696 960 793 1029 partes
812 950 953 1030 genitales
971 950 1139 1030 pertinent,
1162 951 1309 1011 homines

196 1104 200 1113 .
222 1058 420 1118 contaminari
443 1056 646 1116 credebantur.
698 1054 782 1116 Hanc
805 1058 978 1137 opinionem
997 1057 1087 1116 etiam
1108 1057 1187 1136 apud
1208 1059 1316 1117 Israe-

221 1163 290 1225 litas
318 1164 483 1239 exstitisse,
513 1183 601 1222 nemo
627 1162 804 1239 mirabitur,
826 1163 898 1222 adeo
916 1174 950 1223 ut
972 1164 1022 1223 lex
1044 1164 1170 1223 Mosai'ca
1187 1163 1313 1243 optime

223 1271 398 1330 conveniret
424 1289 492 1327 cum
526 1268 579 1339 iis,
610 1288 687 1347 quae
713 1267 751 1328 ad
778 1267 964 1329 sanctitatem
980 1268 1085 1348 populi
1108 1269 1313 1339 ‚sacerdotalis

222 1374 373 1454 pertinere
403 1372 459 1452 ipsi
480 1370 599 1432 Hebraei
629 1374 782 1451 putabant.
822 1373 866 1434 Ne
887 1384 1004 1447 tamen,
1027 1373 1153 1455 physica
1171 1372 1314 1451 quadam

222 1475 354 1535 utilitate
374 1475 468 1555 legem
486 1475 658 1536 destitutam
685 1476 794 1550 fuisse,
827 1476 988 1538 credamus.
1030 1479 1103 1536 Nam
1126 1496 1188 1536 uon
1204 1477 1308 1537 solum

224 1599 259 1637 ea
274 1579 457 1655 mundities,
478 1578 590 1639 inillis
612 1581 777 1661 regionibus
794 1583 867 1640 adeo
878 1581 1051 1657 necessaria,
1072 1580 1310 1660 promovebatur

224 1689 255 1739 et
281 1683 457 1760 genitalium
486 1685 583 1745 morbi
603 1687 875 1766 praecavebantur,
897 1685 948 1743 sed
968 1683 1058 1743 etiam
1078 1684 1180 1743 eadem
1199 1683 1303 1763 prohi-

223 1787 326 1863 bebat,
360 1789 520 1866 quominus
548 1789 638 1851 nimis
658 1792 769 1851 Veneri
792 1788 1149 1879 indulgerentlsraelitae
1179 1798 1210 1846 et
1240 1809 1303 1847 cor-

225 1913 280 1971 pus
302 1913 390 1952 suum
408 1892 607 1955 debilitarent.
632 1896 836 1978 Polygamiam
856 1895 967 1970 etiam,
989 1914 1080 1973 quam
1091 1940 1100 1970 ‚
1123 1903 1228 1972 utpote
1244 1915 1304 1954 aro-

224 2006 254 2056 te
280 2017 347 2057 cum
378 1997 575 2058 Asiaticorum
598 2000 733 2059 omnium
765 2001 897 2061 moribus
928 1999 1153 2073 cohaerentem,
1184 2022 1302 2081 prorsus

165 2108 173 2121 “’
224 2098 363 2181 abrogare
378 2121 441 2160 non
458 2103 544 2161 facile
561 2103 710 2182 legislator
729 2115 863 2184 poterat,
887 2104 945 2164 bac
964 2104 1026 2184 lege
1044 2105 1194 2182 cohiberi,
1217 2115 1301 2165 autu-

227 2214 290 2263 mat
304 2186 465 2265 'ntentans
487 2204 566 2286 (77).

726 2413 741 2489 Ι
762 2417 811 2476 29.

267 2612 393 2685 Eadem,
418 2634 495 2692 quae
518 2635 557 2674 ex
580 2616 663 2676 coitu
682 2617 852 2698 oriebatur,
875 2621 1032 2701 impuritas
1053 2627 1145 2682 etiam
1163 2623 1200 2683 iis
1211 2626 1306 2705 impo-

227 2706 367 2792 uebatur,
399 2718 506 2795 quibus
536 2740 634 2780 semen
670 2721 849 2800 effluxisset,
879 2725 1039 2804 omniaque
1074 2728 1254 2794 vestimenta
1279 2738 1309 2787 et

225 2821 354 2900 stragula
371 2823 489 2898 omnia,
513 2844 590 2903 quae
604 2823 662 2885 hoc
677 2824 762 2886 {luxu
779 2833 980 2890 contaminata
997 2843 1110 2909 essent,
1135 2854 1211 2912 aqua
1223 2845 1309 2894 erant

224 2925 369 2997 lavanda,
396 2935 487 3006 atque
513 2928 551 2987 ad
572 2948 726 3009 vesperam
752 2952 845 3010 usque
863 2934 981 3013 impura
1000 2935 1057 3016 (ΙΙΙ
1075 2936 1146 2996 Mos.
1165 2936 1233 2997 XV:
1257 2937 1301 2997 17.

228 3030 289 3108 18).
330 3029 408 3089 Haec
437 3030 485 3091 lex
505 3033 680 3093 'certissime
698 3033 735 3092 ad
760 3035 941 3114 pollutiones
962 3049 1123 3100 nocturnas
1141 3041 1305 3118 spectabat3

226 3135 268 3193 ita
286 3135 390 3193 saltem
413 3135 489 3214 ipsos
508 3136 525 3198 J
528 3137 633 3198 udaeos
645 3157 711 3196 eam
723 3139 913 3217 intellexisse,
925 3151 990 3200 tum
1001 3162 1038 3201 ex
1048 3143 1194 3202 Talmude
1207 3154 1304 3224 patet,
1328 3176 1332 3181 ·

128 3304 132 3309 ,
226 3249 291 3298 tum
303 3261 339 3301 ex
357 3240 413 3318 iis,
436 3262 511 3320 quae
527 3242 563 3301 de
583 3243 724 3303 Pontifice
744 3242 890 3318 Matthia,
906 3252 1046 3324 tempore
1066 3245 1231 3307 salvatoris
1239 3268 1306 3308 nos-

226 3344 267 3401 tri
288 3345 426 3420 vivente,
448 3357 552 3406 narrat
578 3347 724 3429 Josepbus
745 3347 825 3428 (78);
846 3349 896 3408 cui
908 3395 918 3425 ,
949 3370 1017 3408 cum
1046 3369 1080 3408 ea
1107 3361 1209 3424 nocte,
1233 3370 1305 3432 quae

255 3593 303 3651 (76)
320 3595 479 3638 Hanou.1.ib.
495 3596 527 3636 11.
541 3609 560 3637 r.
575 3597 612 3638 ot.
629 3621 658 3629 -
672 3595 708 3638 Cf.
725 3596 808 3636 Eueno.
823 3596 904 3651 Praep.
919 3598 1004 3650 Erang.
1020 3595 1071 3638 Lib.
1085 3597 1114 3639 X.
1123 3610 1143 3640 c.
1151 3599 1173 3641 6.
1187 3615 1210 3655 p.
1219 3597 1271 3649 475.
1279 3599 1302 3640 C.
1315 3640 1318 3645 .

225 3673 268 3725 (erl.
282 3674 474 3718 Vroan1.Paris.
490 3673 567 3732 1627.)

254 3753 302 3811 (77)
319 3755 374 3810 Ejus
387 3764 517 3811 argumenta
539 3757 637 3813 exposita
658 3758 709 3800 ride
730 3758 753 3800 in
774 3774 838 3815 opere
859 3761 946 3815 saepius
972 3760 1074 3801 laudato:
1105 3761 1162 3804 Mos.
1190 3761 1256 3818 negt.
1283 3762 1301 3803 1.

223 3851 245 3891 p.
261 3835 392 3880 aut-306.

253 3917 301 3975 (78)
318 3921 410 3962 losnru.
427 3923 506 3976 Antiq.
528 3923 775 3967 taratarantium.
796 3941 815 3969 c.
831 3926 852 3966 6.
874 3926 920 3978 (4.
952 3925 1012 3965 llaec
1033 3924 1133 3965 narratio
1153 3923 1247 3967 adversa
1267 3922 1303 3964 ri·

223 4002 288 4045 rietur
300 4003 341 4052 iis,
356 4017 412 4058 quae
426 4004 450 4047 iu
463 4005 572 4046 Talmurlr
588 4006 723 4049 traduntur:
739 4007 854 4048 nonenim
869 4007 969 4050 solebant
983 4007 1102 4056 Pontifices
1115 4019 1140 4049 ea
1153 4015 1232 4057 nocte,
1247 4017 1304 4064 quae
