2754 4710
298 1042 964 1150 INTROITUS.

552 1395 708 1423 ⁴0·-

125 1643 308 1722 uQuotquot
334 1663 468 1723 uuquam
498 1661 515 1699 a
540 1640 661 1702 condito
689 1639 802 1700 mundo
829 1639 976 1700 vixerunt
1015 1635 1172 1730 homines,

84 1768 145 1808 uno
168 1767 271 1808 omnes
288 1768 341 1806 ore
358 1769 394 1808 ac
422 1767 566 1807 consensu
588 1745 753 1806 medicinae
783 1743 874 1803 initia
901 1743 971 1804 Diis
991 1740 1174 1802 immortali-

86 1854 141 1913 bus
159 1851 382 1932 adscripserunt
400 1849 480 1933 (l).”

125 1955 230 2035 Neque
249 1955 359 2014 mirum
377 1964 421 2013 est
430 2000 440 2030 ,
459 1953 561 2027 eff-Diis
577 1951 800 2011 immortalibus
819 1959 915 2009 artem
941 1957 1075 2008 nostram
1093 1946 1174 2006 salu·

84 2070 179 2120 tarem
199 2059 313 2139 primas
332 2058 460 2137 origines
472 2057 602 2116 duxisse.
644 2055 782 2115 Homines
798 2055 897 2127 euim,
911 2053 1056 2134 quamdiu
1073 2051 1176 2133 paucis

83 2164 218 2226 contenti
238 2181 252 2224 (t
264 2173 389 2223 naturae
409 2161 624 2222 convenienter
634 2166 653 2193 ''
670 2162 835 2234 vivebant,
856 2181 925 2220 raro
946 2160 1058 2220 morbis
1076 2159 1173 2220 corri-

84 2268 255 2348 piebantur,
275 2278 306 2326 et
317 2266 415 2326 morbi
434 2266 501 2346 ipsi,
519 2267 666 2347 siquando
684 2267 799 2347 aliquos
815 2266 1016 2342 invasissent,
1038 2264 1174 2344 pierum-

85 2392 146 2452 que
176 2391 340 2450 exgenere
361 2381 520 2432 acutorum
538 2381 626 2430 erant
636 2417 646 2448 ,
666 2391 771 2430 eorum
788 2370 919 2446 scilicet,
943 2368 996 2449 qui
1015 2369 1064 2428 vel
1086 2366 1174 2428 brevi

86 2486 221 2558 tempore
239 2486 336 2534 morte
358 2477 616 2549 terminabantur,
639 2476 689 2534 vel
699 2522 709 2552 ,
727 2475 839 2534 obortis
856 2473 1061 2533 moliminibus
1083 2472 1172 2532 criti·

84 2583 129 2642 cis
138 2628 148 2659 ,
175 2591 299 2640 naturae
320 2580 520 2640 medicatricis
538 2599 593 2660 ope
614 2580 808 2639 sanabantur.
851 2579 995 2638 Jamvero
1013 2577 1104 2636 homo
1122 2575 1173 2634 in-

84 2687 201 2758 cultus,
233 2706 303 2744 cnm
328 2684 436 2742 talium
466 2683 623 2744 effectuum
654 2706 768 2745 caussas
802 2685 980 2744 sufficientes
1004 2683 1173 2763 perspicere

84 2811 147 2852 non
166 2799 282 2870 posset,
307 2789 422 2847 morbos
435 2799 466 2847 et
484 2789 657 2849 morborum
677 2789 846 2848 sanationes
867 2787 975 2846 iisdem
995 2785 1172 2845 numinibus

83 2893 254 2967 tribuebat,
281 2890 387 2968 quibus
415 2891 505 2951 etiam
532 2902 741 2972 tempestates,
770 2903 867 2952 terrae
904 2902 1025 2967 motus,
1052 2891 1171 2970 aliaque

82 3007 211 3058 naturae
231 2993 437 3074 phaenomena
457 2991 589 3053 tribuere
609 2996 729 3054 solebata
769 2996 810 3056 Et
819 2995 1074 3076 quemadmodum
1092 2994 1170 3053 haec

85 3125 104 3161 a
125 3104 262 3162 Deorum
290 3099 338 3158 ira
365 3098 499 3158 humano
524 3098 626 3178 generi
648 3099 774 3159 immitti
795 3101 947 3171 credebat,
971 3100 1015 3158 ita
1035 3098 1067 3158 et
1088 3118 1171 3158 mor·
1204 3101 1207 3106 ’

56 3283 59 3289 Ι
85 3206 136 3264 bos
154 3223 264 3284 poenas
282 3201 407 3262 habebat
422 3223 478 3282 pro
494 3203 622 3284 peccatis
640 3213 745 3263 contra
765 3206 844 3263 Deos
860 3204 1079 3284 omnipotentes
1088 3223 1171 3264 com·

86 3308 204 3383 missis,
225 3328 303 3388 quae
321 3329 404 3384 non,
425 3308 486 3368 nisi
509 3308 573 3368 Diis
584 3310 734 3390 placatis,
756 3309 945 3370 tollerentur.
972 3311 1056 3384 Quae
1074 3331 1169 3392 quum

85 3414 131 3476 ita
151 3423 269 3491 essent,
298 3405 359 3473 riou
384 3415 502 3494 potnit,
536 3415 611 3495 quin
637 3394 782 3477 sacrificia
810 3414 953 3494 aliaque,
981 3414 1089 3493 quibus
1115 3413 1171 3475 Dii

88 3518 201 3600 placari
221 3518 436 3596 credebantur,
464 3519 502 3578 ad
528 3520 646 3579 morbos
664 3517 841 3578 avertendos
860 3516 1095 3591 adhiberentur,
1119 3517 1169 3598 ip-

88 3643 177 3705 saque
204 3602 321 3682 sanatio
348 3621 412 3682 Diis
428 3621 553 3702 placatis
569 3621 795 3683 adscriberetur.
836 3622 941 3701 Itaque
960 3620 1030 3680 inde
1051 3621 1089 3681 ab
1106 3619 1169 3681 ini·

119 3863 153 3923 (1)
169 3865 278 3921 Magnum
290 3832 416 3907 Theatrum
428 3864 490 3909 vitae
503 3866 628 3915 hnmanae,
642 3868 735 3908 auctore
746 3863 915 3913 Bsrsnusox,
935 3860 1048 3907 Coloniae
1061 3859 1166 3922 Agripp.

94 3943 157 3990 lsai.
175 3947 204 3990 r.
218 3947 250 3990 v.
266 3959 290 4002 μ
306 3943 358 3989 aas.

1030 4029 1043 4085 l
