2754 4710
667 464 887 525 -138-

235 615 326 676 refert
353 617 488 696 Plinius,
523 620 636 700 aliique
664 591 743 700 (50).
793 624 868 684 Nam
893 657 932 671 -
961 624 1003 682 ita
1029 595 1142 682 'Gellius
1165 655 1206 671 ω
1239 626 1322 685 Deos

234 722 395 799 quosdam,
421 732 454 782 ut
474 724 660 803 prodessent,
687 727 895 803 celebrabant,
920 726 1079 806 quosdam,
1102 747 1140 785 ne
1157 727 1323 803 obessent,

234 828 398 906 placabant.
447 830 584 890 Similem
614 831 651 888 ob
679 850 810 890 caussam
838 830 930 888 etiam
964 829 1108 910 Mephitis
1145 831 1318 909 templum,

235 934 315 1012 quod
335 934 394 994 fuit
410 937 569 996 Cremonae
588 935 672 1016 (51),
696 945 882 998 exstructum
903 955 983 1009 asse,
1000 955 1054 1016 per
1071 955 1101 995 se
1121 935 1324 1014 improbabile

234 1057 294 1096 non
318 1047 372 1098 est.

640 1164 644 1172 -
723 1091 813 1218 sn.

276 1348 390 1406 Dubito
408 1349 515 1424 etiam,
536 1348 574 1406 ad
592 1335 721 1408 medicos
739 1349 843 1410 heroes
856 1342 1014 1410 Herculem
1031 1367 1093 1408 esse
1112 1349 1320 1409 referendum.

237 1455 275 1512 ln
313 1452 437 1531 hymnis
465 1453 605 1532 Orphicis
639 1453 760 1533 quidem
789 1453 825 1513 de
856 1455 978 1514 Hercule
1007 1454 1109 1512 omnia
1144 1453 1320 1513 morborum

235 1556 365 1616 remedia
393 1555 534 1616 afferente
564 1567 609 1616 est
633 1578 729 1617 sermo
754 1557 840 1638 (52),
873 1568 904 1616 et
930 1556 1074 1617 Aristides
1101 1558 1133 1616 in
1160 1555 1315 1627 oratione,

238 1680 330 1740 quam
359 1660 392 1718 in
418 1659 509 1719 hunc'
524 1660 644 1720 heroem
679 1661 863 1740 composuit,
884 1683 950 1722 eum
978 1683 1080 1722 omnes
1103 1682 1212 1720 curare
1243 1661 1318 1720 dicit

231 1766 372 1842 morbos,
396 1765 522 1845 ideoque
548 1767 690 1826 Massiuae
715 1767 749 1824 iu
768 1765 872 1825 Sicilia
888 1775 1032 1843 tanquam
1052 1765 1146 1825 Deum
1170 1764 1316 1823 medicum

234 1869 372 1946 adorari,
396 1886 528 1950 ‘eumque
552 1870 631 1950 apud
662 1870 735 1929 Coos
767 1868 889 1927 nomine
916 1868 1043 1926 Alexeos
1063 1866 1212 1949 (Ἀλοξος)
1230 1867 1315 1936 invo-

235 1974 297 2032 cari
326 1973 414 2054 (53);
442 1995 532 2054 quam
556 1975 594 2033 ob
622 1993 686 2033 rem
716 1983 747 2032 et
775 1973 838 2052 ipse
864 1972 1008 2032 Aristides
1029 1972 1063 2031 in
1080 1991 1149 2031 eum
1169 1973 1313 2032 Paeanem

234 2074 420 2158 composuit,
449 2079 499 2137 cui
530 2077 733 2137 accinebatur:
765 2079 820 2138 alo
848 2078 962 2138 Paean!
999 2077 1141 2137 Hercules
1173 2076 1311 2137 Aescula-

236 2180 285 2260 pil
313 2182 402 2262 (54)'’
435 2182 577 2241 Pluribus
605 2192 707 2241 autom
736 2182 770 2240 iu
798 2181 871 2241 locis
892 2181 921 2239 ei
948 2180 1072 2240 uomina
1092 2188 1164 2239 sunt
1181 2179 1309 2254 tributa,

238 2307 314 2365 quae
338 2308 357 2345 a
387 2287 498 2364 salute,
528 2309 618 2367 quam
643 2288 775 2347 humano
803 2284 902 2365 generi
936 2284 1091 2344 tradidisse
1122 2284 1311 2355 credebatur,

236 2401 308 2450 susat
335 2391 511 2450 derivanda.
560 2392 610 2452 Sic
639 2412 694 2471 per
726 2401 820 2452 totam
848 2391 966 2450 Elidem
996 2399 1140 2470 tanquam
1170 2393 1315 2470 σωτήριος·

238 2495 397 2553 invocatus
427 2505 487 2565 est,
527 2495 599 2572 qnia
628 2497 765 2555 morbum
795 2497 957 2576 malignum
986 2495 1150 2557 derivando
1187 2495 1312 2555 flumine

238 2597 394 2655 abstulisse
430 2589 603 2674 dicebatur;
633 2608 664 2658 et
697 2599 809 2680 Ephesi
841 2621 1004 2681 cognomen
1034 2604 1237 2680 ἀποοροπαῖοο
1262 2600 1315 2659 ha·

207 2769 211 2776 ,
239 2699 337 2758 baisse
363 2699 502 2777 videtur,
530 2712 561 2761 et
583 2702 671 2778 juxta
696 2703 890 2765 Scholiastem
916 2706 950 2764 in
980 2704 1192 2784 Aristophanis
1220 2706 1320 2766 Ranas

237 2802 271 2860 in
290 2823 363 2882 pago
386 2804 483 2862 Attico
502 2805 600 2864 Meliti
619 2816 684 2866 erat
700 2809 846 2887 templum
865 2809 1001 2870 Herculis
1021 2807 1174 2868 Alexicaci
1188 2809 1321 2891 (Ἀλοξμ

240 2907 358 2986 κάκου),
389 2908 468 2985 quod
491 2909 519 2967 ei
543 2920 693 2983 structum
714 2932 793 2989 esse,
815 2934 882 2973 cum
903 2935 1009 2994 magna
1026 2911 1199 2993 pestilentia
1218 2913 1323 2973 desiis-

237 3022 299 3088 set,
334 3012 487 3071 dicebatur
507 3016 540 3090 (ἡ
564 3017 596 3073 δὲ
622 3016 734 3094 ἵδρυσις
753 3020 866 3098 ἐγένετο
884 3022 956 3078 κατὰ
983 3020 1074 3097 μέγαν
1091 3020 1217 3094 λοιμὸν,
1241 3023 1316 3079 ὅθεν

241 3127 290 3179 καὶ
318 3123 468 3181 ἐπαύσατο
498 3122 513 3193 ο)
535 3122 638 3196 νόσος)
669 3117 746 3199 (55).
779 3120 858 3180 Haec
874 3121 976 3179 omniu
997 3120 1140 3199 probant,
1163 3121 1328 3198 posterimi

241 3235 374 3304 tempore
401 3224 526 3302 Herculi
549 3226 668 3284 cuidam
689 3226 780 3284 etiam
801 3225 962 3287 efficaciam
977 3224 1158 3304 adscriptam
1175 3225 1274 3287 fuisse
1291 3225 1329 3285 ad

252 3379 318 3436 ·(50)
334 3382 403 3425 Pura.
416 3383 450 3425 11.
464 3381 486 3426 7.
500 3383 599 3429 Gaesao,
615 3380 641 3422 ds
655 3378 710 3422 Nat.
725 3381 794 3423 Deor.
809 3373 860 3421 Lib.
876 3374 924 3418 111.
932 3388 952 3418 c.
962 3371 998 3417 25.
1011 3374 1113 3420 nausa.
1121 3375 1180 3420 var.
1195 3376 1262 3421 Hbs.
1277 3379 1332 3421 Lib.

240 3463 297 3506 XII.
318 3477 339 3507 c.
355 3462 391 3508 ll.
405 3476 426 3516 p.
443 3463 494 3504 734.
510 3461 646 3516 (Gnosiam).
1174 3478 1177 3483 ’

270 3543 318 3602 (51)
335 3545 418 3588 Tacts.
439 3523 528 3588 Ilislor.
544 3543 596 3588 Lib.
613 3545 661 3588 111.
678 3558 697 3586 c.
709 3543 750 3588 33.

272 3627 320 3683 (52)
336 3630 410 3672 Oura.
424 3629 510 3684 Hymu.
526 3628 551 3669 iu
565 3627 707 3670 Hercules.
725 3626 760 3668 14.
781 3624 813 3678 (p.
828 3623 882 3666 273.
896 3623 931 3666 sd.
945 3622 1103 3678 Heumann.):

282 3710 395 3770 mutus?
416 3715 512 3788 μάκαρ
531 3715 644 3777 νούσων
663 3707 818 3784 θελκτήρια
835 3708 929 3764 πάντα
950 3707 1102 3781 κομίζωο.”

275 3811 323 3869 (53)
338 3813 451 3856 Auream.
465 3814 530 3856 Orat.
545 3813 570 3854 in
582 3811 679 3855 Hercul.
693 3825 716 3866 p.
731 3811 757 3854 dl
772 3823 806 3866 sq.

273 3891 320 3950 (54)
336 3893 394 3937 raia.
410 3907 432 3948 p.
447 3895 485 3937 aa.
507 3892 544 3939 cr.
559 3891 639 3948 ajuu.
652 3894 718 3935 oms.
732 3895 795 3938 sacr.
811 3894 857 3939 tv.
873 3905 894 3947 p.
910 3890 963 3936 nar.

274 3971 321 4031 (⁵5)
338 3975 494 4018 Pastorum
514 3974 562 4017 visa
576 3974 681 4029 Apollon.
695 3973 748 4021 Lib.
761 3976 833 4022 vm.
848 3990 868 4018 c.
884 3974 905 4027 7,.
914 3987 937 4030 p.
945 3973 996 4018 341.
1006 3973 1040 4018 ed.
1051 3964 1167 4018 Onisnui
1177 3968 1220 4022 'ct
1236 3976 1333 4019 oum·

245 4057 281 4099 ad.
295 4056 319 4099 h.
333 4056 349 4100 l.
