2754 4710
599 404 806 468 ...37-

146 593 218 630 non
246 579 317 630 sunt
346 567 481 648 liberati,
516 570 574 632 nisi
603 571 634 628 in
669 568 732 644 ejus
760 567 907 625 honorem
942 567 1100 629 simulacro
1128 569 1241 630 femore

140 675 255 734 saucio
281 681 378 732 erecto
406 674 484 755 (20).
527 675 592 735 Huc
620 675 711 732 etiam
741 672 887 750 pertinet,
918 673 997 751 quod
1015 674 1052 733 de
1085 675 1240 755 Lydorum

145 799 225 859 rege
247 776 366 855 Alyatte
386 788 491 837 narrat
510 777 686 839 Herodotus.
728 776 781 835 llic
800 777 903 853 enlm,
925 799 1024 857 quum
1044 781 1147 858 copiae
1173 800 1242 841 suae

147 903 224 942 cum
246 882 369 941 Milesiis
386 882 591 962 belligerantes
611 881 723 940 horum
743 890 851 960 segetes
877 883 1113 959 succendissent,
1132 880 1241 963 quom·

152 1006 218 1067 que
245 985 346 1044 valido
371 993 474 1046 coorto
501 996 593 1045 vento
621 984 759 1045 flammae
778 985 869 1046 simul
892 987 1045 1049 Minervae
1067 989 1242 1067 cognomine

151 1090 286 1152 Assesiae
318 1092 464 1171 templum
499 1091 734 1170 corripuissent,
773 1092 806 1150 in
835 1113 954 1172 gravem
994 1094 1239 1175 diuturnumque

155 1198 296 1258 morbum
323 1197 452 1272 incidit,
475 1219 493 1256 a
523 1217 584 1275 quo
611 1195 782 1270 convaluit,
815 1216 925 1274 quum,
958 1219 1032 1277 pace
1059 1201 1242 1279 composita,

156 1323 214 1382 pro
245 1323 305 1362 nno
331 1303 443 1383 templo
466 1303 526 1363 duo
553 1303 708 1362 Minervae
735 1301 772 1359 ad
796 1305 946 1360 Assessum
965 1301 1145 1362 aedificasset
1164 1299 1243 1381 (21).

156 1408 191 1466 In
213 1407 272 1467 hoc
290 1428 359 1467 casu
379 1407 510 1486 Alyattis
527 1405 614 1486 quasi
633 1404 822 1464 contrarium
839 1405 955 1483 aliquid
984 1407 1144 1465 observare
1171 1406 1242 1465 licet

153 1513 207 1584 iis,
229 1531 305 1590 quae
320 1521 409 1571 antea
429 1509 467 1592 (ξ.
485 1509 533 1591 2.)
557 1512 593 1570 de
615 1514 750 1571 Deorum
771 1510 873 1589 poenis
891 1510 1033 1570 diximus.
1075 1512 1141 1570 Non
1157 1511 1256 1570 enim>

155 1616 206 1674 hic
231 1615 332 1694 plures
360 1615 531 1694 puniuntor
549 1615 586 1673 ob
612 1616 699 1675 tinius
724 1626 893 1695 peccatum,
939 1618 989 1676 sed
1017 1637 1096 1675 unus
1114 1616 1243 1696 Alyattis

150 1719 203 1777 dat
221 1739 330 1799 poenas
358 1739 413 1799 pro
440 1719 581 1796 injuriis,
612 1741 686 1800 quas
706 1721 815 1799 copiae,
847 1743 877 1781 se
895 1722 1009 1796 inscio,
1033 1724 1110 1780 Deae
1125 1724 1237 1782 attule-

156 1831 229 1882 rant
257 1822 335 1902 (22).
387 1821 420 1882 si
451 1822 588 1882 Minerva
615 1823 673 1884 hoc
699 1825 940 1885 involuntarium
968 1824 1145 1884 incendium
1176 1836 1238 1884 tam

160 1948 247 2008 aegre
272 1929 376 1988 tulisse
406 1929 595 2002 credebatur,
618 1951 679 1988 non
699 1931 812 1988 mirum
833 1940 895 2005 est,
914 1928 1045 1988 Achaeos
1064 1940 1162 1989 terrae
1181 1940 1240 1988 ste-

152 2033 298 2094 rilitatem
316 2043 347 2091 et
361 2033 518 2092 hominum
537 2033 693 2108 morbum,
726 2034 834 2112 quibus
864 2035 1000 2113 ipsorum
1017 2035 1098 2114 regio
1126 2035 1236 2095 afficie-

151 2140 258 2209 batur,
291 2137 387 2196 iratae
416 2137 534 2196 Dianae
568 2135 756 2215 adscripsisse
789 2137 825 2196 ob
853 2138 1067 2216 turpissimum.
1099 2137 1237 2213 facinus,

157 2243 241 2324 quod
261 2243 393 2302 sacerdos
412 2242 557 2321 quaedam
577 2250 681 2302 contra
702 2241 798 2320 ipsam
826 2241 1031 2300 commiserat:
1054 2239 1134 2300 hanc
1153 2241 1237 2301 scili·

152 2357 201 2408 cet
219 2346 345 2423 juvenis
373 2345 498 2426 qnidam
524 2345 730 2426 Melanippus,
760 2366 861 2404 amore
891 2345 1018 2426 flagrans
1030 2393 1039 2422 ,
1079 2367 1147 2406 cum
1180 2347 1234 2406 sibi

151 2459 292 2531 parentes
319 2449 447 2510 amicam
474 2449 672 2531 denegarent,
693 2452 725 2510 in
746 2451 813 2530 ipso
833 2452 909 2510 Deae
928 2451 1039 2530 templo
1056 2472 1238 2532 compresse·

150 2564 201 2613 rat
230 2551 309 2633 (23).
361 2554 401 2613 Et
427 2554 478 2613 bic
499 2556 589 2612 verbo
607 2557 792 2616 mentionem
811 2555 908 2615 facere
931 2556 1020 2615 liceat
1037 2556 1134 2614 morbi
1155 2556 1238 2615 illius

152 2658 316 2736 singularis
342 2658 542 2736 Scytharum,
584 2660 638 2738 qni
675 2661 712 2718 ab
740 2659 890 2719 Herodoto
919 2661 1040 2720 morbus
1071 2661 1238 2722 foemineos

156 2768 284 2841 (θήλεια
309 2765 431 2837 νοῦσος)
461 2774 601 2832 vocatur,
626 2786 745 2844 quoque
765 2787 783 2823 a
804 2765 920 2822 Venere
931 2763 1044 2822 Urania
1056 2764 1235 2842 Scytharum

153 2867 204 2926 illi
233 2865 454 2942 afficiebantur,
477 2867 531 2944 qni
552 2870 632 2927 Deae
653 2869 810 2946 templum,
823 2867 901 2944 quod
922 2875 987 2924 erat
1007 2867 1162 2942 Ascalone,
1183 2867 1235 2924 de-

148 2967 373 3045 spoliaverant,
405 2978 435 3026 et
455 2990 516 3047 quo
546 2971 648 3028 morbo
667 2970 776 3030 horum
807 2970 991 3047 Scytharum
1013 2969 1123 3048 posteri
1144 2970 1233 3029 etiam

182 3235 230 3292 (20)
247 3237 346 3279 Pinus.
363 3237 416 3281 Lib.
428 3238 499 3279 VIII.
514 3253 533 3281 c.
548 3238 584 3281 28.
671 3236 674 3243 ’

181 3317 228 3370 (21)
246 3318 340 3361 IIrnoo.
355 3317 407 3360 Lib.
424 3319 443 3361 1.
457 3332 477 3361 c.
496 3318 530 3368 19,
544 3318 580 3362 22.

181 3398 229 3456 (22)
254 3398 325 3454 Magis
346 3401 507 3454 quodammodo
526 3415 577 3442 cum
597 3400 680 3443 nostris
699 3401 725 3441 de
743 3399 832 3455 justitia
851 3401 928 3442 divina
949 3399 1101 3458 opinionibnsf
1113 3404 1232 3453 convenit,

151 3481 211 3535 qnod
230 3480 256 3522 de
277 3481 364 3523 Tiresia
379 3490 459 3525 narrat
471 3484 637 3524 Arosnooosus
656 3481 712 3532 (111.
727 3483 749 3525 6.
764 3483 811 3539 7.);
828 3483 882 3538 qui,
897 3496 967 3536 quum
981 3485 1107 3526 Minervam
1121 3485 1234 3533 lavantem

151 3561 260 3609 vidisset,
274 3562 381 3604 coecitate
394 3565 540 3607 afficiebatur.
589 3618 593 3625 ι
1108 3550 1111 3557 ¹

183 3642 231 3697 (23)
253 3644 322 3686 Paos.
342 3645 393 3686 Lib.
415 3647 474 3690 VII.
489 3660 508 3688 r.
526 3646 561 3689 19.
577 3644 821 3701 Srnsscnclsseitrtge
836 3661 876 3688 rur
889 3646 1025 3701 Gesclrichte
1036 3647 1075 3688 der
1088 3647 1186 3690 Medicin
1199 3650 1232 3692 St.

159 3729 205 3769 111.
222 3741 246 3782 p.
260 3725 308 3782 34.)
322 3733 417 3769 mortem
430 3728 564 3778 Actaeonis,
577 3728 632 3781 qni,
646 3742 716 3782 quum
730 3731 827 3772 Dianam
842 3731 955 3772 levantem
969 3731 1076 3782 vidisset,
1097 3732 1121 3774 in
1138 3736 1231 3775 certum

155 3814 257 3850 mutatus
269 3808 297 3848 ab
311 3807 366 3862 ipsis
380 3810 426 3851 suis
439 3811 531 3852 canibus
543 3818 577 3852 est
587 3811 721 3852 dilaceratus
736 3813 828 3864 (Eoum.
837 3811 969 3865 Bacchllvs.
984 3811 1035 3857 335.
1051 3814 1169 3861 Aronnou.
1186 3816 1232 3859 ΙΙΙ.

155 3906 175 3933 r.
197 3891 241 3944 4.),
258 3905 284 3931 ex
298 3889 360 3932 rabie
380 3892 459 3933 canina
477 3892 563 3943 fuisse,
583 3893 710 3947 existimat,
729 3905 844 3952 totamque
862 3899 934 3954 igitur
952 3901 1102 3943 narrationem
1116 3901 1234 3957 allegorico

155 3971 269 4028 explicat:
287 3971 346 4025 qnod
358 3985 387 4013 an
401 3980 461 4015 recte
474 3973 568 4024 feccrit,
581 3989 650 4022 necne
657 4010 664 4030 ‚
678 3979 803 4035 dijudicata
818 3981 908 4024 difficile
921 3981 977 4024 mihi
989 3983 1087 4029 videtur.
