2754 4710
517 487 736 545 ..ιιι-

119 667 142 706 ta
166 646 384 726 ¹hippocratica
416 646 564 706 medicina
589 650 655 725 jam
685 659 760 707 esset
786 659 901 707 exorta.
956 650 1163 730 Asclepiadurn

119 751 260 811 silicinam
292 753 325 813 in
351 752 442 811 initio
468 774 529 811 non
548 753 635 810 valde
657 753 806 812 diversum
825 753 914 812 fuisse
934 754 970 811 ab
993 754 1064 830 illa,
1087 760 1166 835 quae

120 877 172 915 am
191 856 263 916 belli
286 857 412 934 Trojani
443 868 576 936 ternpore
602 857 813 932 exercebatur,
843 857 974 936 adeoque
990 857 1165 936 praesertim

135 962 396 1035 lustrationibus,
431 963 584 1023 sacrificiis
613 972 643 1020 et
667 962 886 1048 expiationibus
908 963 1089 1039 constitisse,
1112 984 1166 1042 per
1198 975 1201 980 ’

138 1067 336 1150 improbabile
365 1089 427 1127 non
456 1077 510 1127 est.
550 1067 766 1144 Expiationum
795 1087 898 1124 earum
927 1058 1050 1146 uestigia
1073 1069 1165 1128 etiarn

119 1170 261 1230 eridimus
282 1171 316 1230 in
358 1174 410 1244 iis,
449 1193 524 1250 quae
550 1171 731 1232 recentiores
759 1183 893 1232 auctores
922 1173 959 1231 de
994 1174 1167 1252 Aesculapii

119 1271 196 1352 ltu,
225 1277 324 1356 qualis
350 1301 404 1338 suo
426 1288 561 1357 tempore
590 1286 672 1352 erat,
701 1277 840 1352 tradunt3
874 1278 1042 1357 quaelicet
1063 1299 1165 1337 omnes

148 1382 338 1465 sanctitatem
375 1381 468 1461 ipsius
498 1384 553 1440 Dei
588 1379 753 1458 Aesculapii
792 1381 971 1459 pertinuisse
1001 1381 1162 1457 videntur,

119 1504 215 1544 amen
240 1485 301 1549 hoe
327 1485 480 1543 communi
500 1484 650 1566 principio
668 1468 865 1562 nitebantur,
889 1486 1061 1557 morborum
1079 1508 1166 1546 sana-

119 1610 194 1651 mem
222 1590 318 1669 accipi
347 1611 409 1648 non
438 1610 540 1669 posse,
572 1590 632 1649 nisi
659 1588 835 1668 praegressis
860 1591 1081 1668 expiationibus
1103 1608 1166 1672 pro

119 1694 214 1754 oratis·
235 1704 330 1753 antea>
349 1695 530 1769 commissis,
555 1715 625 1753 nam
646 1693 682 1752 ad
708 1693 805 1772 ipsam
825 1693 1049 1752 incubationem
1068 1673 1187 1754 nerni-¹

119 1817 150 1856 m
164 1796 330 1856 ¹admisisse
347 1797 492 1878 videntur
512 1796 717 1878 Asclepiades,
740 1798 905 1858 nisisacros
925 1800 976 1858 hos
998 1800 1076 1859 ritus
1097 1821 1166 1878 per-
1199 1867 1202 1873 1

119 1903 192 1967 sset,
224 1900 261 1961 ln
280 1897 489 1980 Aristophanis
507 1902 595 1960 Pluto
613 1902 650 1960 de
668 1903 773 1960 balneo
796 1902 1164 1984 tantumestsermo(16);

119 2004 129 2064 l
159 2005 379 2064 observandum
412 2017 470 2078 est,
507 2026 628 2065 servum
655 2007 809 2065 Curionem
836 2005 957 2063 mulieri
989 2005 1107 2084 roganti
1131 2025 1166 2062 ea

119 2108 258 2168 aesertim
288 2128 443 2184 narrasse,
475 2131 548 2188 quae
575 2109 609 2167 in
632 2109 697 2188 ipso
719 2109 829 2187 templo
848 2108 1033 2180 acciderant,
1067 2108 1166 2167 obiter

119 2211 292 2277 atummodo
310 2213 463 2270 mentione
481 2213 560 2272 sacta
582 2234 733 2272 sacrorum
751 2215 872 2273 illorum
890 2215 1023 2291 rituum,
1045 2214 1081 2272 de
1098 2212 1166 2292 ilui-

119 2340 135 2378 s
158 2328 229 2375 eum
256 2336 318 2374 non
335 2302 711 2396 interrogaveratmulier.
737 2319 889 2400 Imprimis
907 2330 1007 2379 antem
1026 2340 1065 2379 ex
1080 2320 1166 2378 Aris-

119 2421 157 2480 lit
180 2420 363 2497 orationibus
392 2430 423 2480 et
449 2442 489 2480 ex
505 2423 570 2482 vita
588 2422 741 2501 Apollonii
754 2423 928 2501 Tyanensis,
950 2423 1167 2485 aPhilostrato

119 2525 249 2605 ascripta
261 2573 271 2602 ,
293 2527 379 2585 uobis
401 2515 503 2607 patet,
536 2527 705 2603 cujusmodi
730 2528 808 2588 ritus
833 2529 928 2608 ipsam
945 2529 1167 2588 incubationem

119 2630 306 2693 scatebat
338 2632 385 2689 Ad
417 2631 510 2689 lios
500 2631 650 2709 imprimis
670 2632 895 2691 abstinentia
872 2655 936 2692 slve
954 2634 1021 2693 vini
1045 2643 1076 2693 et
1099 2655 1167 2694 ear·

119 2737 153 2812 is,
172 2736 237 2816 sive
253 2737 344 2795 etiam
370 2736 499 2794 aliorum
522 2735 656 2796 ciborum
676 2737 857 2813 pertinebat,
882 2737 996 2814 quique
1016 2737 1093 2794 hanc
1112 2759 1165 2795 ne-

119 2839 241 2916 ensset,
269 2840 306 2898 ab
332 2835 527 2918 Aesculapio,
558 2832 670 2916 quippe
699 2840 746 2914 cuj
752 2861 785 2898 us
806 2838 952 2897 beneficiis
968 2849 1048 2898 esset
1067 2840 1167 2918 indig-

119 2958 166 3020 es,
194 2945 413 3024 negligebatur,
448 2945 536 3025 eique
557 2944 675 3001 nullum
695 2942 888 3020 contingebat
907 2943 1057 3000 somnium
1079 2942 1164 3024 (lllr
1193 2956 1195 2959 '

119 3032 175 3121 tius
208 3034 406 3110 abstinentiae
444 3069 575 3108 caussam
601 3047 738 3106 indicunt
764 3045 953 3126 philosophi,
987 3055 1021 3103 ut
1047 3045 1165 3119 dicant,

119 3168 133 3207 Β
156 3136 249 3215 animi
269 3155 374 3215 aether
399 3175 434 3212 eo
458 3155 597 3233 impurus
627 3151 800 3210 redderetur
827 3132 1071 3232 (18t2jejunia‚
1091 3171 1166 3229 quae

119 3251 150 3312 Ul
170 3248 353 3349 imposuerat
376 3263 477 3335 Deus,
510 3259 600 3316 etiam
619 3267 771 3323 memorat
799 3254 943 3314 Aristides
971 3234 1049 3334 (19).
1091 3255 1166 3312 Uni-

119 3374 173 3423 ΒΜ
192 3367 423 3446 quibuscunque
443 3367 476 3423 in
497 3365 570 3424 locris
592 3360 757 3442 saltationes
775 3359 846 3425 fieri„
861 3357 1074 3434 credebantur,
1097 3359 1167 3417 licet

119 3478 166 3523 ¹00-
186 3470 251 3538 loca
284 3491 347 3528 non
378 3469 576 3551 Aesculapio,
594 3468 644 3526 sed
660 3466 727 3524 aliis
747 3465 924 3523 numinibus
946 3475 1042 3523 essent
1062 3486 1144 3555 sacra
1155 3511 1163 3540 ,
1186 3513 1189 3517 .

118 3561 197 3632 lania
227 3575 281 3632 illa
303 3583 389 3632 erant
406 3571 604 3631 observanda:
623 3571 663 3629 sic
680 3571 735 3651 qui
756 3571 793 3628 ad
814 3571 990 3649 Amphiarai
1009 3572 1164 3630 oraculum
1199 3646 1202 3652 ¹

119 3711 284 3737 *κῃ-.-

120 3803 163 3868 16)
180 3818 305 3861 narrasse.
322 3817 386 3861 Plut.
400 3831 434 3859 vs.
451 3815 503 3860 656.

119 3882 164 3953 Ι7)
181 3903 336 3947 Parnassum
357 3901 400 3944 vit.
422 3901 529 3957 Apollon
551 3901 625 3956 Tyan.
640 3899 692 3942 Lib.
710 3899 730 3940 1
746 3912 766 3940 c.
781 3901 803 3940 9
822 3898 857 3940 10.
872 3913 895 3952 p.
913 3896 947 3940 10
964 3896 998 3941 11.
1016 3898 1059 3952 (ed
1074 3900 1164 3942 Oasin.

131 3972 208 4042 Lapa.
224 3985 300 4040 sace.)

119 4045 164 4114 ¹8)
183 4068 241 4112 ιιιι.
255 4080 276 4111 e.
292 4068 314 4111 a.
328 4080 351 4122 p.
368 4067 404 4110 10.
662 4064 709 4117 ne)
726 4065 835 4109 sumu
849 4065 914 4108 oar
929 4064 993 4108 saer
1007 4065 1028 4109 1.
1043 4080 1067 4120 p.
1082 4067 1133 4110 aar.

390 4142 398 4157 ⁶
983 4147 1045 4205 12*
