2754 4710
520 449 736 507 —113-

94 613 161 676 tus,
184 601 341 680 quominus
362 612 392 662 et
411 603 538 663 alterum
559 609 680 666 oculum
691 606 836 684 perderet,
851 605 1002 669 Minervae
1014 606 1166 685 Oplrthal·

93 705 196 764 mitidi
223 706 369 784 templum
398 709 549 767 exstruxit
576 707 656 788 (aa).
704 709 858 780 Quomodo
889 709 940 766 bic
966 709 1003 766 de
1032 711 1168 770 morbosa

91 810 222 889 quadem
263 812 342 869 oculi
373 811 527 871 allectione
558 813 650 892 possit
680 811 819 889 cogitari,
860 831 920 868 non
954 811 1070 878 video„
1103 813 1169 871 Alio

90 912 214 990 quidem
240 914 327 993 modo
359 935 421 971 rem
452 925 555 974 narrat
584 913 777 987 Plutarchus,
808 913 857 971 sed
889 933 985 990 neque
1014 933 1052 971 ex
1079 913 1169 990 hujus

89 1017 265 1075 narratione
294 1017 331 1075 de
360 1020 517 1092 oculorum
545 1018 745 1098 aegritudine,
778 1037 838 1094 qua
867 1016 1035 1094 Lycurgum
1056 1035 1169 1075 servas-

89 1108 137 1177 set
157 1120 306 1190 Minerva,
332 1123 460 1199 cogitare
479 1145 642 1201 possumus.
685 1123 777 1180 Juxta
796 1120 877 1179 hunc
896 1121 977 1178 enim
997 1132 1163 1189 auctorem,

88 1222 318 1282 Lacedaemonii
347 1226 529 1285 Alcandrum
558 1227 693 1303 Lycurgo
718 1224 925 1299 tradiderunt,
954 1225 1095 1302 quicum
1123 1243 1169 1282 se·

90 1346 166 1384 oum
186 1326 294 1398 duxit,
318 1347 447 1406 eumque
467 1349 523 1388 nec
544 1329 627 1388 sactis
647 1348 703 1389 nec
723 1327 811 1386 dictis
831 1329 932 1397 laesit,
954 1328 1005 1386 sed
1024 1328 1168 1405 aliquam·

90 1428 147 1486 diu
176 1429 255 1506 apud
284 1451 314 1488 se
348 1431 491 1513 retinuit,
529 1433 678 1491 Alcander
706 1443 803 1490 autem
835 1430 1111 1493 exconsuetudine
1139 1438 1170 1487 et

92 1533 292 1594 contubernio
313 1532 440 1613 Lycurgi
475 1556 569 1613 quum
590 1535 681 1610 liujus
710 1536 839 1595 virtutes
867 1535 1070 1613 cognovisset,
1101 1552 1169 1592 eum

93 1636 234 1707 laudibus
261 1638 339 1716 apud
367 1638 528 1697 familiares
555 1638 683 1704 extulit,
716 1638 833 1715 ipsoex
854 1646 932 1707 tetro
953 1647 982 1694 et
1002 1635 1169 1714 praefracto

89 1742 204 1815 iuvene
232 1742 283 1799 vir
314 1742 410 1802 sactus
441 1743 709 1803 moderatissimus:
743 1740 777 1797 in
806 1740 980 1797 memoriam
1012 1739 1103 1815 hujus
1123 1738 1169 1796 rei

90 1832 400 1924 Lycurgustemplum
421 1847 570 1905 Minervae
591 1846 717 1925 Optileli
738 1844 916 1926 (ὀπῑιλὲτις)
927 1833 1078 1904 exstruxit
1091 1843 1168 1921 (45).

92 1949 142 2005 De
170 1958 271 2028 sanato
299 1949 388 2008 oculo
415 1949 515 2026 itaque
537 1969 574 2006 ne
594 1969 690 2007 senno
712 1951 911 2031 quidemst,
937 1970 1027 2027 quam
1048 1948 1168 2004 obrem

89 2053 245 2116 ὀπιιλὲιις
274 2051 418 2109 medicam
442 2052 685 2130 significationem
705 2053 838 2111 habuisse
860 2052 977 2130 nequit.
1020 2048 1166 2127 Roganti,

87 2174 183 2233 quare
197 2165 267 2212 arrte
285 2175 386 2214 omnes
406 2156 479 2214 alios
498 2159 577 2216 Deos
598 2159 734 2236 Deosque
755 2157 908 2214 Minervae
926 2153 1069 2231 templum
1087 2150 1168 2209 aedi-

88 2259 226 2316 ficaverit
255 2260 423 2338 Lycurgus,
454 2261 680 2339 responderem,
708 2261 858 2319 lllinervae
880 2258 1095 2338 legislationem
1113 2274 1168 2313 ve·

88 2374 168 2422 teres
187 2365 378 2440 attribuisse,
393 2365 465 2440 adeo
487 2375 521 2423 ut
540 2366 657 2440 ⁴mirum
679 2365 777 2424 videri
806 2373 949 2442 nequeat,
972 2362 1168 2440 legislatorem

89 2469 261 2548 Lycurgum
286 2469 455 2530 Minervam
483 2471 633 2549 imprimis
650 2491 732 2530 suam
752 2473 845 2528 Deam
864 2469 1025 2538 tutelarem
1045 2464 1169 2525 babuis-

91 2592 139 2643 se,
174 2572 261 2652 eique
287 2572 393 2650 gratias
420 2573 509 2652 egisse
539 2594 593 2651 pro
619 2574 673 2642 iis,
708 2594 784 2651 quae
811 2573 871 2651 ipsi
893 2572 970 2629 bona
996 2568 1170 2629 acciderint.

93 2675 177 2734 Idem
209 2675 290 2732 valet
320 2674 357 2732 de
389 2676 509 2733 nomine
550 2665 729 2754 Perspicacis
762 2677 983 2754 (ὀξυδερκοῦς),
1016 2676 1071 2734 sub
1109 2692 1169 2752 quo

93 2778 249 2836 Minervae
275 2775 419 2854 templum
440 2777 552 2834 dicasse
581 2777 734 2837 dicebatur
761 2779 926 2838 ‘Diomedes
956 2778 1043 2857 (46),
1075 2797 1168 2855 quum

91 2880 129 2937 ad
160 2878 252 2955 Ilium
283 2878 427 2955 pugnanti
445 2878 503 2956 ipsi
521 2878 676 2956 caliginem
692 2880 728 2936 ab
748 2880 842 2937 oculis
867 2879 1052 2937 removisset.
1090 2877 1167 2936 Nam

94 2980 188 3055 caligo
209 2976 329 3058 (axau)
347 2979 417 3055 illa,
441 2997 519 3058 quae
547 2978 579 3036 in
599 2981 662 3058 ejus
680 2983 772 3041 oculis
796 2993 878 3056 erat,
901 3003 963 3039 non
991 2980 1088 3039 morbi
1116 3001 1169 3038 co-
1227 3034 1235 3053 ,

91 3081 208 3159 jusdam
242 3083 394 3141 oculorum
421 3093 484 3141 erat
521 3083 654 3159 sequela,
692 3086 742 3143 sed
772 3105 811 3142 ex
844 3086 970 3143 vulnere
997 3083 1168 3155 oriebatur,

94 3187 173 3268 quod
194 3186 221 3245 ei
244 3187 397 3262 Pandarus
412 3187 446 3247 in
468 3186 573 3246 dextra
593 3196 678 3267 parte
695 3187 825 3246 thoracis
846 3206 937 3267 prope
954 3184 992 3242 ad
1007 3185 1169 3242 humerum

92 3292 238 3351 intulerat
264 3290 351 3371 (117),
383 3291 521 3372 quodque
548 3291 648 3350 sorsan'
672 3312 708 3352 ex
737 3292 888 3372 sanguinis
901 3291 1019 3368 jactura
1033 3287 1167 3368 lipotliy·

92 3401 184 3465 mium
205 3398 359 3472 effecerat3
384 3398 583 3478 quinetiam,
606 3419 699 3476 quum
722 3397 873 3456 Pandarus
892 3396 970 3473 ipse,
996 3392 1167 3453 Diomedem

88 3506 153 3583 jam
178 3525 238 3564 esse
268 3505 500 3577 moribundum,
531 3503 681 3584 putaverit
710 3494 795 3581 (48),
827 3520 872 3558 res
903 3497 979 3558 mihi
1010 3517 1070 3556 nou
1096 3495 1169 3552 adeo

90 3608 293 3687 improbabilis
315 3608 458 3684 videtur,
484 3610 538 3667 tuli
558 3593 735 3684 lipollryrnia
754 3623 860 3661 revera
878 3603 1025 3685 laborasse
1046 3601 1169 3662 Diome-

124 3849 172 3902 (44)
188 3849 257 3891 Paos.
280 3847 326 3890 111.
342 3862 362 3892 c.
379 3847 413 3891 te.
666 3847 717 3904 (45)
733 3850 866 3890 Pisones.
882 3847 980 3901 Lycurg.
994 3859 1019 3901 p.
1033 3822 1108 3900 (δὴ.

98 3964 100 3968 ,
123 3929 175 3984 (46)ι
189 3931 256 3991 l’sos.
275 3929 344 3974 11,c.
358 3928 394 3970 24.
860 3927 907 3980 (47)
923 3927 953 3969 11.
969 3927 1002 3970 Ε.
1017 3941 1052 3969 vs.
1068 3928 1104 3968 99.

123 4008 172 4068 (48)
190 4011 220 4055 11.
234 4009 267 4052 E.
283 4022 316 4051 vs.
335 4007 384 4077 (Οἳ.
399 4023 448 4063 sqq.
803 4007 806 4013 ’

1072 4095 1090 4151 8
