2754 4710
561 431 782 488 -195-

143 610 261 649 curasse
293 610 384 669 quam
405 588 535 648 maxime
558 589 723 649 conditioni
747 611 851 660 eorum
885 591 1097 671 respondente,
1120 592 1233 654 scilicet

144 714 249 752 eorum
277 694 393 752 animos
419 693 644 768 exhilarantem
670 693 915 773 quemadmodum
945 696 1036 754 etiam
1057 696 1234 776 hypochou·

144 797 282 856 driacum
315 797 474 857 Aristidem
507 818 610 856 curare
631 808 787 860 tentarunt
806 804 872 879 ejus
895 800 1027 861 arsimum
1048 802 1085 859 ab
1105 803 1235 881 aegritu-

145 900 265 968 dinibus
295 901 478 976 avertend03
516 911 665 960 caeterum
700 923 736 963 ex
767 904 869 962 eodem
900 901 965 963 loco
999 915 1098 984 patet,
1137 915 1231 964 artem

145 1003 362 1083 gymnasticem
393 1026 454 1063 nou
497 1006 584 1084 plane
626 1007 786 1085 neglexisse
825 1008 1018 1086 Pergamenos
1058 1009 1232 1068 sacerdotes.

148 1108 234 1178 Quae
252 1107 311 1166 huc
329 1128 423 1188 usque
441 1109 479 1168 de
502 1109 710 1190 Asclepiadum
732 1111 881 1170 medicina
901 1111 966 1170 dixi
977 1158 991 1184 ,.
1012 1112 1083 1170 licet
1102 1113 1234 1171 nondum

150 1232 274 1290 magnae
302 1213 442 1272 scientiae
473 1213 604 1275 medicae
630 1215 806 1275 documenta
832 1217 1010 1296 praebeant,
1040 1228 1142 1276 temen
1167 1238 1237 1298 pro·

149 1320 243 1391 bant,
273 1317 308 1377 in
330 1319 480 1397 plerisque
502 1319 637 1394 casibus,
659 1326 753 1398 quum
774 1321 836 1380 sere
859 1319 960 1380 omnia
981 1321 1163 1382 autocratiae
1184 1343 1239 1380 na·
1315 1356 1327 1375 ι

148 1433 236 1483 turae
268 1423 493 1502 relinquerent,
523 1423 639 1482 eosdem
672 1444 732 1482 non
763 1424 907 1483 nocuisse.
960 1429 1102 1483 Attamen
1138 1425 1234 1495 idem,

151 1549 242 1608 quem
270 1529 387 1608 saepius
420 1529 603 1604 citavimus,
642 1528 787 1588 Aristides
814 1528 906 1588 etiam
937 1529 1130 1602 stultissima,
1164 1530 1239 1609 quin

153 1635 245 1714 plane
261 1633 391 1693 absurda
409 1643 528 1704 narrat,
552 1654 627 1714 quse
644 1643 856 1712 praeceperant
875 1633 1045 1713 Aesculapii
1065 1633 1238 1695 sacerdotes.

154 1737 312 1797 Interdum
344 1737 485 1797 catarrho
518 1738 682 1796 laborantes
716 1736 869 1812 jusserunt
899 1737 1008 1816 frigida
1035 1759 1116 1818 aqua
1145 1739 1240 1798 nudos

152 1842 274 1915 levare,
306 1842 356 1900 vel
385 1841 459 1900 elios
487 1861 630 1920 gypsum,
660 1840 734 1898 alios
762 1840 871 1899 iterum
892 1841 1020 1900 cicutam
1041 1841 1139 1900 bibere
1160 1840 1238 1922 (85).

153 1946 278 2024 Saepius
311 1945 494 2018 Aristidem,
522 1945 592 2003 licet
611 1943 736 2022 jejuniis
756 1945 891 2024 repetitis
921 1957 952 2004 et
979 1946 1034 2005 diu
1062 1946 1236 2025 protractis,

152 2067 229 2127 quae
255 2048 289 2106 in
317 2048 484 2128 Aesculapii
507 2048 619 2128 templo
645 2048 873 2121 observaverat,
905 2068 1083 2128 magnopere
1101 2048 1240 2109 debilita-

152 2164 237 2228 tum,
274 2172 395 2212 vomere
422 2155 510 2232 eique
548 2172 657 2212 venem
688 2153 781 2212 secari
807 2152 963 2228 jusserunt
994 2151 1079 2234 (86);
1109 2150 1182 2210 adeo
1207 2160 1242 2211 ut

155 2259 279 2336 Satyrus
307 2257 436 2317 medicus
465 2257 587 2339 quidam
620 2258 755 2336 Pergami
783 2256 937 2332 habitans,
958 2255 1101 2331 sindicus,
1124 2256 1240 2335 quoties

156 2359 285 2420 Aristidi
307 2370 371 2422 erat
397 2381 475 2426 vena
502 2373 599 2436 secta,
633 2363 689 2420 hoc
719 2381 781 2419 non
811 2360 940 2439 amplius
968 2359 1036 2419 lieri>
1047 2360 1181 2436 juberet,
1203 2379 1241 2419 ne

157 2485 270 2543 eorpus
295 2464 488 2524 dissolveret:
530 2486 638 2527 verum
673 2463 812 2525 credulus
850 2462 996 2526 Aristides
1026 2463 1063 2525 de
1099 2461 1242 2542 sanguine

156 2569 279 2649 negavit
320 2589 350 2627 se
379 2570 547 2650 quidquam
580 2590 663 2651 posse
693 2579 838 2645 statuere,
872 2573 942 2649 quia
970 2569 1026 2629 hac
1055 2572 1088 2629 in
1121 2587 1154 2629 re
1177 2572 1243 2629 Deo

157 2681 235 2732 esset
254 2672 519 2752 obtemperandum
536 2674 615 2754 (87).
656 2675 793 2734 Eundem
820 2676 1015 2754 Pergamenus
1037 2675 1113 2734 Deus
1133 2674 1241 2751 jussit,

155 2781 190 2839 in
213 2779 326 2852 fluvio,
354 2780 408 2860 qui
435 2801 528 2859 prope
556 2781 660 2840 urbem
696 2780 823 2855 fluebat,
861 2779 975 2849 lavari,
1015 2778 1106 2856 idque
1146 2777 1243 2835 medie

155 2884 285 2963 hyeme,
316 2904 386 2943 cum
412 2883 513 2943 boreas
533 2905 618 2963 asper
636 2894 725 2959 esset,
750 2906 784 2943 sc
810 2884 935 2964 glacies,
955 2883 1064 2962 lapillis
1087 2885 1129 2941 ita
1146 2882 1245 2942 couti-

155 2997 264 3049 nenter
280 2987 443 3061 concretis,
464 2977 500 3047 ut
517 2988 655 3068 crystalli
673 2998 832 3068 perpetuae
852 2987 982 3066 speeiem
1004 2985 1168 3060 reserrent;
1193 2985 1246 3046 eui

158 3091 255 3168 jussui
279 3091 498 3171 obtemperavit
521 3103 642 3168 noster,
668 3091 842 3150 debilitatus
862 3100 998 3166 uteret,
1023 3098 1054 3148 et
1071 3087 1244 3148 dissuaden-

159 3195 238 3256 tibus
265 3195 388 3268 emicis,
417 3197 498 3265 inter
524 3217 598 3275 quos
624 3196 816 3256 Heracleonte
845 3196 960 3255 medico
978 3195 1058 3277 (88).
1101 3194 1245 3255 Omnium

159 3318 234 3362 vero
255 3302 499 3362 absurdissimum
524 3314 589 3362 erat
616 3303 831 3381 praescriptum
854 3300 930 3359 illud
947 3300 985 3358 de
1008 3299 1123 3379 ingenti
1150 3316 1246 3358 venae

160 3406 293 3468 sectione
321 3426 414 3485 usque
441 3407 479 3466 ad
504 3415 627 3466 centum
647 3415 678 3464 et
697 3402 1021 3485 vigintilib1·as(89);
1043 3405 1246 3485 quosltamen

159 3510 299 3571 credulus
329 3509 473 3570 Aristides
499 3510 543 3569 ita
568 3510 745 3589 explicavit,
768 3518 803 3567 nt
822 3528 857 3566 eo
873 3509 1080 3583 indicaretur,
1099 3526 1159 3564 sion
1180 3505 1247 3565 exis

159 3637 217 3696 gua
244 3637 318 3696 opus
344 3636 406 3674 esse
422 3636 516 3675 venae
539 3615 680 3675 sectione.
726 3612 772 3671 Ex
789 3612 879 3671 dictis
898 3621 995 3690 patet,
1020 3610 1140 3672 difficile
1163 3629 1244 3685 esse,

193 3790 242 3846 (85)
259 3791 342 3833 Amsr.
359 3792 424 3832 Orat.
441 3789 464 3829 in
478 3789 569 3832 Aescul.
584 3803 607 3843 p.
624 3789 659 3830 69.

195 3875 243 3931 (86)
262 3874 298 3917 Id.
313 3874 378 3915 Orat.
393 3886 450 3914 sacr.
473 3872 493 3913 l.
510 3885 533 3925 p.
549 3869 601 3912 491.
617 3885 640 3925 p.
656 3867 713 3919 501,
727 3868 778 3916 503.
794 3869 895 3921 aliisque.

197 3950 246 4009 (8⁷)
263 3955 329 3996 Oret.
344 3954 406 3995 eaor.
423 3953 470 3993 Ill.
486 3965 508 4006 p.
523 3947 574 3991 550.
1045 3971 1048 3975 -

162 4063 164 4066 -
186 4033 245 4090 (88)
255 4034 324 4087 -lbtt,
338 4030 393 4076 Lim
407 4034 439 4079 11.
453 4047 478 4088 p.
494 4029 547 4074 520.
988 4033 1035 4089 (89)
1053 4033 1112 4075 lbil.
1128 4046 1151 4087 p.
1165 4033 1216 4076 530.
1240 4042 1242 4046 ’

1065 4115 1128 4172 13*
