2754 4710
670 411 868 472 ..86-

236 573 385 654 Apollinis
411 571 478 633 telis
507 569 572 635 fieri
600 570 783 632 existimasse
811 569 890 650 (17).
932 572 978 631 lta
998 569 1078 630 enim
1098 569 1159 629 suit
1178 579 1312 631 veterum

236 678 272 736 de
292 675 438 737 mortibus
457 675 617 736 subitaneis
638 675 759 756 opinio,
782 683 817 734 ut
837 694 896 750 eas,
908 673 934 733 si
945 674 1021 734 viris
1034 674 1211 748 acciderent,
1226 675 1313 755 Apol-

198 851 202 871 ,
235 781 308 854 lini,
332 780 379 841 sin
399 802 472 841 vero
492 781 651 857 foeminis,
674 779 789 840 Dianae
809 779 1011 840 attribuerent
1031 778 1116 860 (18):
1138 780 1204 860 ipsa
1225 777 1311 841 etiam

236 885 333 963 Juuo,
355 886 434 966 apud
456 885 637 956 Homerum,
661 884 791 943 Dianam
811 881 925 943 leonem
945 884 1026 943 iuter
1037 883 1177 944 mulieres
1188 905 1314 956 vocans,
1340 943 1369 953 .-

237 989 327 1064 dioit,
357 991 464 1051 Jovem
484 989 513 1048 ei
533 988 646 1048 dedisse
665 986 849 1059 interficere,
874 978 1083 1066 quamcunque
1102 987 1180 1048 velit
1200 986 1286 1068 (19)..

746 1195 812 1274 ss.

279 1405 401 1464 Veteres
429 1404 468 1463 ad
493 1406 628 1463 Deorum
656 1404 734 1463 iram
755 1405 873 1465 morbos
892 1405 1054 1465 reserentes
1074 1388 1256 1485 plerumque·
1271 1406 1318 1466 vi·

237 1510 347 1569 dentur
375 1507 430 1569 sibi
451 1511 530 1568 Deos
550 1508 651 1587 potius
671 1507 713 1567 ita
734 1509 873 1585 finxisse,
895 1518 929 1570 ut
952 1517 1049 1570 essent
1067 1507 1193 1568 studiosi
1212 1508 1313 1588 impri-

240 1618 314 1690 mis,
338 1624 372 1674 ut
392 1612 519 1691 injurias
539 1613 657 1673 sibimet
675 1612 748 1693 ipsis
768 1615 867 1674 illatas
887 1612 1076 1674 vindicarent
1087 1659 1096 1690 ,
1128 1633 1221 1692 quam
1251 1611 1312 1692 qui-

238 1719 305 1778 dem
334 1719 388 1792 ita,
407 1727 442 1777 ut
469 1728 566 1778 essent
597 1718 667 1779 irati
687 1719 726 1778 oh
747 1718 840 1798 ipsius
861 1719 978 1779 seeleris
998 1718 1233 1798 turpitudinem.
1270 1718 1312 1780 sic

238 1824 318 1904 apud
338 1825 498 1884 Homerum
514 1823 595 1883 haue
615 1823 788 1903 praesertim
809 1823 927 1882 obrem
948 1822 1073 1885 Achivis
1090 1825 1189 1883 iratus
1200 1823 1314 1884 videtur

239 1928 370 2006 Apollo,
392 1928 463 2006 quia
485 1927 630 2006 Chryses,
652 1927 701 1986 cui
728 1929 908 2001 contumelia
925 1929 986 1991 tuit
1007 1929 1111 1990 affecta
1120 1976 1131 2006 ,
1149 1929 1244 2010 ipsius
1260 1939 1316 1991 erat

239 2031 388 2106 sacerdos,
415 2041 445 2091 et
469 2034 569 2091 minus
585 2031 719 2110 graviter
739 2033 838 2112 Auges
865 2032 1047 2091 adulterium
1069 2031 1141 2093 tulit
1164 2033 1313 2102 Minerva,

238 2156 329 2214 quam
356 2136 479 2216 quidem
520 2146 640 2215 partum
676 2135 710 2194 iu
749 2134 935 2194 sanctissimo
973 2155 1026 2194 suo
1052 2135 1120 2194 luoo
1158 2146 1316 2214 peractum.

239 2241 415 2320 Saepissime
436 2241 517 2300 idem
536 2240 690 2300 observari
709 2240 779 2299 licet
799 2239 831 2297 in
853 2237 983 2316 morbis,
1003 2259 1076 2320 quos
1098 2251 1243 2321 tanquam
1254 2261 1320 2322 poe·

240 2322 297 2402 nas*
320 2343 484 2405 immittere
514 2343 711 2403 credebantur
745 2343 808 2402 Dii.
867 2346 913 2403 De
940 2345 1074 2405 Minerva
1102 2346 1177 2406 talia
1207 2348 1321 2428 saepius

239 2457 413 2507 narrantur.
466 2448 542 2506 Cum
571 2447 715 2522 Teuthis,
745 2467 823 2505 unus
844 2467 966 2524 eorum,
990 2449 1044 2526 qui
1065 2448 1152 2509 duces
1176 2449 1225 2531 ad,
1244 2451 1321 2513 Tro·

236 2553 299 2629 jam
329 2559 519 2630 pugnarant,
557 2562 588 2610 et
618 2573 635 2609 a
666 2572 726 2630 quo
756 2571 865 2611 nomen
893 2553 1035 2630 accepisse
1078 2552 1149 2610 urbs
1181 2553 1326 2612 Arcadiae

240 2657 366 2717 Teuthis
387 2657 574 2727 credebatur,
598 2677 634 2716 ex
658 2655 764 2717 Aulide
784 2654 950 2714 exereitum
977 2655 1097 2715 domum
1126 2655 1324 2733 reducturus,

240 2741 428 2830 Minervam,
455 2763 588 2822 humana
614 2762 712 2821 forma
738 2759 864 2835 induta,
885 2761 983 2841 ipsum
1005 2758 1136 2821 retinere
1156 2763 1324 2836 volentem,

237 2867 284 2927 ira
295 2868 442 2941 incensus,
464 2866 549 2926 hasta
563 2868 595 2926 in
604 2868 716 2928 femore
736 2864 937 2939 vulnerasset,
953 2863 1181 2945 exercitumque
1201 2867 1328 2928 domurn

239 2971 421 3043 reduxisset,
453 2972 572 3031 morbus
600 2971 697 3031 letalis
727 2973 894 3048 (φθινώδης
927 2973 1027 3043 νόσος)
1057 2971 1090 3029 in
1118 2971 1173 3030 bac
1204 2976 1331 3054 regione

240 3086 361 3135 exortus
378 3084 431 3147 est,
453 3096 542 3154 quem
564 3079 644 3136 Deae
666 3075 791 3136 offensae
810 3075 1017 3134 attribuerunt
1046 3073 1179 3151 incolae,
1209 3097 1334 3159 quoque

238 3204 463 3216 *-

269 3248 318 3306 ’17)
334 3250 377 3292 Od.
390 3251 418 3292 Ρ.
431 3263 465 3292 vs.
482 3250 534 3292 494.
549 3249 580 3289 11.
592 3263 630 3291 ss.
645 3251 681 3290 64.

270 3329 318 3386 (18)
335 3331 471 3373 narrum
486 3330 511 3371 in
524 3330 619 3372 Bnuucr
633 3361 639 3380 ,
653 3330 757 3373 Analect.
771 3331 817 3373 vol.
834 3331 868 3375 ll.
884 3347 908 3386 p.
925 3331 974 3374 120:

398 3413 528 3491 tt'Ovyoip
546 3413 743 3483 ἀπώϊσῑευσεν
761 3416 848 3488 ipsine
867 3416 933 3480 ὑιάς
961 3413 1113 3496 Ἀπόλλων

401 3517 452 3575 ’ου
469 3519 705 3594 βαρυπένθητους
722 3525 862 3595 ’Ἄρτεμις
882 3510 942 3577 εἷλε
963 3517 1079 3595 κορά;.”
1152 3534 1164 3560 ·

279 3641 316 3684 ct.
333 3648 356 3684 et
370 3645 482 3698 Eram-rs.
505 3643 533 3684 ad
547 3644 576 3686 11.
595 3632 625 3680 T·
640 3658 675 3686 vs.
692 3641 734 3685 59:
752 3631 844 3682 tt‘'()rs
864 3621 895 3682 ds*
911 3627 939 3681 οἱ
960 3625 1105 3695 uipvidsos
1119 3627 1250 3682 θάνατοι
1273 3631 1332 3686 τῶν

240 3728 381 3802 γυναικῶν
399 3726 557 3801 ’Ἀρτέμιδι
578 3728 700 3785 ἐδόκουν
728 3727 916 3794 ἀνακεῖσθαι,
951 3727 987 3793 ὡς
1008 3730 1036 3785 οἱ
1066 3731 1122 3785 τῶν
1141 3728 1254 3806 ἀνδρῶν
1290 3731 1332 3805 τῷ

242 3832 407 3886 Ἀπόλλωνι
425 3835 574 3900 πολλαχοῦ
597 3831 672 3908 λέγει
697 3824 885 3904 ὁποιητής.”,
915 3839 918 3844 ’

270 3932 304 3972 ua
316 3931 389 3972 urana
411 3930 447 3974 cf.
465 3931 495 3976 11.
512 3920 543 3968 Z·
557 3947 592 3976 vs.
609 3933 660 3976 tas.
674 3933 716 3975 os.
732 3920 764 3970 0-.
779 3945 814 3976 vs.
830 3920 882 3976 477.
898 3910 903 3931 Χ

276 4009 322 4067 (ts)
342 4010 370 4056 11.
386 3999 420 4045 ψ.
434 4025 467 4056 vs.
483 4014 534 4056 sss.
