2754 4710
583 401 786 461 ..39...

142 557 298 638 opiniones
338 558 471 637 collegit,
511 560 691 639 Scytharum
720 557 857 618 morbum
885 558 975 618 fuisse
1005 555 1221 637 paederastiam

141 670 245 741 putat,
277 683 336 741 qna
353 663 466 724 scilicet
479 664 521 740 ii,
545 684 674 742 quorum
697 664 873 743 corporibus
891 664 1074 744 paederastes
1091 662 1222 721 abutnn·

141 777 194 826 tur
226 766 384 848 (pathici),
417 778 524 827 natura
553 772 616 827 tani
634 789 797 850 corporea,
820 790 910 847 quam
927 767 1067 848 psychica
1086 771 1219 845 ἑναρεες,

143 875 317 952 ἀνδρογύνοι
336 871 421 944 finnt,
435 874 510 952 quin
531 874 622 932 etiarn
634 873 740 934 habitu
751 870 1012 931 mulieresimitari
1024 880 1127 929 amant
1138 868 1224 950 (31);

142 966 240 1054 quam
262 975 434 1054 opinionem
456 979 521 1056 jam
544 988 614 1037 ante
638 978 828 1040 Rosenbaum
850 978 982 1039 Bouhier
1004 978 1072 1058 (32)
1089 1022 1098 1052 ,
1116 975 1225 1054 longi-

144 1100 221 1154 nus,
249 1079 362 1158 aliiqne
395 1082 592 1159 protulerant.
642 1084 904 1144 Masturbationem
930 1082 1022 1142 fuisse
1040 1081 1224 1160 Scytharum

123 1183 283 1242 morbum
295 1183 476 1244 foemineum
496 1185 550 1244 alii
569 1196 717 1266 putarunt
735 1185 815 1269 (33).
856 1188 951 1261 Quam
972 1185 1102 1246 maxime
1120 1184 1157 1242 ab
1178 1182 1226 1242 his

144 1285 290 1347 differunt
319 1287 434 1368 Heyne‚
458 1290 591 1369 Bottiger
612 1289 696 1373 (34),
720 1292 850 1373 aliique,
871 1293 926 1371 qui
945 1289 1150 1349 narrationem
1170 1287 1226 1346 lle-

146 1395 245 1453 rodoti
271 1405 301 1454 et
318 1395 547 1475 descriptionem
575 1398 760 1477 Hippocratis
782 1397 826 1476 ita
842 1395 1028 1475 intelligunt,
1052 1403 1086 1453 ut
1101 1393 1228 1453 inissent

147 1499 277 1578 Scythae
296 1498 398 1557 morbo
416 1502 540 1559 mentali
559 1503 691 1580 correpti
701 1549 711 1578 ,
728 1503 925 1563 melancholia
942 1501 1076 1571 scilicet,
1095 1520 1154 1578 qua
1167 1497 1227 1578 ipsi

145 1603 358 1680 credidissent,
377 1625 407 1663 se
432 1606 466 1663 in
491 1606 630 1664 mulieres
649 1627 711 1666 esse
737 1617 883 1667 mutatos:
914 1607 983 1665 telis
1013 1603 1227 1665 melancholiae

147 1708 284 1789 exempla
308 1709 354 1788 (ll.
378 1707 434 1789 cc.)
461 1710 547 1789 plura
578 1724 770 1772 enarrantur.
813 1680 942 1771 lffrfficile
960 1720 1021 1782 est,
1048 1709 1085 1767 de
1105 1708 1224 1778 morbo,

148 1813 187 1872 de
212 1815 299 1891 cujus
329 1824 436 1874 natura
465 1824 510 1873 tot
534 1815 671 1893 tantique
687 1816 751 1876 viri
768 1816 851 1876 docti
870 1815 1092 1890 dissenserunt,
1110 1812 1229 1892 aliquid

147 1920 223 1977 certi
250 1919 458 1997 pronuntiare.
514 1919 621 1977 Variae
647 1941 664 1980 a
691 1940 740 1978 me
762 1920 873 1979 relatae
908 1920 1064 1999 opiniones
1098 1917 1229 1992 habent,

147 2022 258 2102 quibus
278 2023 465 2094 refutentur,
487 2022 611 2095 habent,
636 2023 744 2103 quibus
762 2023 972 2083 defendantur.
1003 2019 1116 2080 Divini
1134 2018 1230 2080 hono-

148 2149 215 2204 res,
246 2149 318 2207 quos
355 2129 413 2188 hoo
453 2129 556 2187 morbo
596 2128 797 2188 laborantibus
833 2127 989 2207 populares
1032 2125 1226 2198 tribuerunt,

144 2234 193 2294 uti
215 2243 318 2293 narrat
347 2233 560 2315 Hippocrates,
598 2233 696 2313 potius
737 2253 792 2313 pro
821 2223 933 2308 'morbo
976 2228 1119 2305 mentali,
1152 2249 1229 2309 qua-

147 2339 210 2397 lem
248 2348 428 2417 acceperunt
461 2338 560 2417 Heyne
591 2347 621 2399 et
662 2337 813 2417 Bottiger,
854 2345 1005 2417 pugnant,
1047 2355 1137 2414 quam
1178 2353 1233 2412 pro

150 2443 285 2524 corporis
313 2443 440 2523 quadam
469 2443 640 2504 affectione:
672 2442 824 2502 notissima
841 2441 924 2500 enim
941 2449 985 2499 est
1006 2439 1080 2498 haec
1097 2437 1231 2498 inculta·

150 2568 220 2607 rum
251 2548 406 2607 nationum
433 2548 555 2628 opinio,
584 2546 734 2605 maniacos
758 2545 883 2607 arctiori
910 2565 980 2604 cum
1002 2543 1070 2603 Diis
1092 2542 1138 2601 uti
1159 2561 1234 2601 con-

152 2651 319 2711 suetudine.
359 2653 393 2712 Si
423 2653 523 2729 itaque
554 2650 591 2707 de
617 2651 719 2709 morbo
747 2651 871 2710 mentali
900 2648 1083 2727 cogitemus,
1107 2644 1235 2724 Scytha-

156 2777 227 2814 rum
258 2754 418 2832 generandi
436 2752 613 2832 impotentia
632 2753 678 2811 ita
693 2764 739 2812 est
755 2753 942 2832 accipienda,
960 2761 1014 2826 ut,
1035 2751 1089 2830 qui
1103 2748 1235 2809 maniaci

153 2881 185 2919 se
210 2857 349 2916 mulieres
367 2876 427 2914 esse
449 2855 662 2930 credidissent,
681 2876 699 2912 a
717 2858 798 2915 coitu
816 2855 1016 2914 abstinuerint
1036 2864 1067 2912 et
1084 2853 1128 2911 ita
1147 2851 1236 2931 quasi

153 2962 266 3024 evirati
288 2963 350 3020 sint
366 2961 450 3022 sacti.
492 2961 681 3041 Hippocrates
703 2982 795 3036 vero,
819 2961 879 3041 qui·
896 2960 1033 3021 morbum
1054 2955 1231 3035 descripsit,

154 3087 217 3144 quo
241 3074 374 3145 tempore
400 3064 497 3125 adhuc
526 3063 654 3143 Scythae
675 3065 729 3122 illo
753 3065 944 3140 laborabant,
972 3063 1094 3121 remita
1111 3069 1233 3132 narrat,

154 3179 191 3230 ut
219 3169 304 3248 prius
330 3169 441 3229 coitum
472 3190 532 3229 non
566 3168 696 3248 amplius
722 3168 864 3247 perlicere
891 3168 1045 3238 valerent,
1074 3163 1145 3222 dein
1162 3142 1236 3221 iero

155 3274 313 3334 muliebria
344 3275 522 3334 vestimenta
547 3272 724 3333 induerent:
754 3271 825 3330 adeo
851 3282 883 3330 ut
903 3291 940 3331 ex
958 3270 1014 3328 hac
1036 3266 1235 3348 descriptione

149 3435 381 3447 nun—m·-

185 3478 234 3536 (31)
251 3480 392 3522 Rursum
405 3480 422 3524 l.
436 3494 456 3524 c.
472 3495 495 3535 p.
512 3476 635 3523 lta-152.

184 3563 234 3616 (32)
249 3563 412 3605 Dissertations
426 3579 466 3605 sur
479 3563 590 3604 l’histoire
603 3560 745 3605 t’Htrodote.
759 3575 779 3602 c.
796 3559 832 3601 20.

186 3644 235 3698 (33)
252 3643 289 3686 cf.
303 3644 426 3686 Seurrosr.
439 3645 547 3700 Apologia
564 3645 601 3687 des
623 3644 758 3699 Hippocrat.
772 3641 881 3697 Leipzig,
897 3638 961 3684 1792.
977 3637 1021 3679 Th.
1038 3637 1071 3678 11.
1086 3650 1109 3692 p.
1124 3634 1176 3679 olo.

186 3713 235 3783 (ol)
258 3729 382 3769 comment.
398 3722 448 3770 soc.
470 3727 572 3782 osteng.
593 3726 656 3769 urs.
679 3726 750 3769 crass.
764 3722 875 3777 philolog.
890 3721 920 3764 r.
937 3718 956 3761 1.
973 3735 995 3775 p.
1011 3718 1048 3762 2⁸.
1064 3717 1101 3760 cf.
1114 3718 1234 3760 unum

117 3790 120 3796 Ι
154 3812 179 3852 in
192 3811 336 3852 Smmnors’s
350 3809 453 3866 Beitrtge
467 3824 508 3851 zur
522 3809 603 3852 Gesclr.
619 3811 641 3852 d.
656 3810 716 3852 Med.
730 3811 764 3853 St.
780 3808 814 3850 11.
829 3786 903 3862 psit.
916 3786 993 3846 annot.
1009 3799 1047 3845 ³5.
1068 3802 1232 3848 Fauonium,

156 3890 372 3946 Idtertirgeschichte
393 3892 431 3934 der
451 3892 579 3947 Pathologie
592 3869 758 3947 uudTherapie
770 3891 810 3933 der
824 3886 971 3945 psychiseheu
983 3881 1232 3934 Kranlrheitsn,183⁰,

156 3991 178 4031 p.
194 3974 231 4017 32.
247 3987 296 4028 sqq.
