2754 4710
584 491 815 579 -83-0

144 654 238 725 litos,
265 654 325 727 ait,
351 651 452 710 eoelum
482 663 603 712 auctore
627 650 781 731 (Homero)
810 651 885 711 disci
910 673 1007 732 posse,
1028 654 1144 714 morbos
1165 664 1229 715 tum
1296 711 1297 716 ,

147 755 191 816 ad
210 755 291 814 iram
312 756 445 814 Deorum
465 754 684 814 immortalium
703 756 810 815 relatos
830 775 890 816 esse
906 766 936 816 et
958 758 996 815 ab
1015 756 1120 818 iisdem
1144 777 1230 837 opem

143 860 233 942 posci
251 859 370 918 solitam
389 858 448 940 (5).
492 859 576 922 llunc
595 859 688 938 igitur
707 871 737 919 et
757 860 898 920 universe
918 867 1020 940 poetas
1040 872 1070 921 et
1089 862 1231 938 histori07

146 961 282 1044 grapboa
311 962 518 1039 consulamus,
549 973 585 1022 ut
614 963 690 1024 hanc
710 964 791 1024 inter
811 966 891 1023 Deos
911 963 1086 1046 morbosque
1107 966 1232 1025 necessi-

149 1068 289 1128 tudinem
309 1065 485 1125 indicemus.

666 1275 733 1351 aa.

192 1482 347 1563 lmpn‘mis
373 1483 472 1541 morbi
492 1482 667 1562 apidemici,
690 1484 802 1563 quippe
823 1487 875 1565 qui
895 1496 963 1546 ante
983 1495 1111 1546 caeteros
1130 1505 1234 1544 omnes

151 1587 359 1670 magnitudine
387 1588 566 1648 calamitatis
594 1596 692 1647 essent
710 1587 856 1668 insignes,
880 1610 897 1647 a
917 1589 984 1649 Diis
1004 1588 1089 1649 iratis
1108 1588 1236 1648 immitti

153 1695 360 1758 eludebantur.
399 1694 438 1754 Et
466 1693 539 1755 licet
565 1693 608 1753 ita
639 1693 781 1753 universa
800 1694 882 1774 regio
909 1716 1019 1774 poenas
1039 1696 1111 1756 dare
1130 1695 1236 1756 existi-

155 1809 308 1867 maretur,
341 1807 443 1857 tamen
470 1817 531 1857 non
562 1817 677 1876 semper
697 1819 799 1858 omnes
819 1800 882 1877 ejus
902 1801 1018 1861 incolae
1038 1811 1143 1860 contra
1162 1802 1236 1860 Deos

154 1911 336 1986 peccarant,
371 1899 421 1959 sed
451 1899 541 1959 unius
571 1919 656 1979 saepe
691 1901 803 1962 vitium
830 1903 961 1962 sufficere
992 1905 1169 1978 videbatur,
1202 1897 1238 1960 ul

155 2011 292 2087 Deorum
323 2006 370 2063 ira
398 2004 540 2064 adversus
559 2004 710 2082 integrum
730 2006 873 2085 populum
894 2007 1098 2067 suscitaretur.
1141 2009 1184 2066 lta
1202 2005 1238 2064 de

153 2115 292 2175 Deorum
321 2119 407 2190 patre
435 2109 510 2168 dicit
536 2107 701 2185 Hesiodus,
723 2129 809 2188 saepe
830 2109 1003 2169 universam
1029 2108 1182 2170 civitatem
1201 2110 1238 2168 ob

151 2217 272 2277 malum
301 2214 403 2274 virum
432 2212 557 2293 puniri,
580 2213 635 2292 qui
653 2221 757 2291 peccat
776 2223 807 2270 et
826 2212 933 2290 iniqua
953 2213 1153 2273 machinatur.
1174 2213 1239 2273 Illis

154 2330 258 2380 erstem
277 2318 403 2378 coelitus
423 2334 562 2397 maguum
582 2315 745 2395 importare
767 2315 842 2374 solet
862 2316 972 2376 malum
995 2315 1073 2376 filius
1094 2317 1236 2392 Saturni,

154 2426 265 2486 famem
285 2423 426 2482 simulet
446 2432 575 2502 pestem:
598 2422 752 2481 intereunt
771 2440 845 2479 vero
867 2421 986 2502 populi,
1010 2441 1109 2501 neque
1130 2421 1239 2482 mulie-

154 2548 202 2590 res
232 2526 374 2607 pariunt;
407 2527 563 2605 intereunt
590 2526 737 2598 familiae,
769 2525 853 2586 lovis
874 2525 1011 2606 Olympii
1038 2526 1162 2588 consilio
1181 2526 1242 2607 (6).

158 2634 244 2710 Quod
268 2632 321 2692 hic
347 2633 385 2691 de
414 2633 489 2693 Jove
515 2631 590 2690 dicit
613 2629 773 2701 Hesiodus,
804 2631 842 2688 do
860 2631 927 2690 aliis
948 2631 1016 2691 Diis
1034 2631 1127 2690 etiam
1144 2630 1238 2692 valet.

155 2737 209 2798 Sic
242 2736 279 2793 ob
308 2735 444 2793 fraudem
484 2733 691 2792 Laomedontis
719 2743 814 2792 totam
841 2736 1052 2814 Pergamenum
1086 2737 1239 2815 regionem

155 2851 239 2924 peste
254 2838 406 2898 infestasse
420 2837 607 2916 Apollinem,
624 2846 728 2895 narrat
748 2834 956 2915 Apollodorus:
984 2838 1092 2916 Apollo
1114 2847 1145 2896 et
1159 2837 1240 2916 Nep-

154 2956 251 3005 tunus
277 2938 358 2998 enim
381 2940 580 3019 petulantiam
609 2938 817 2999 Laomedontis
838 2945 953 3000 tentare
973 2941 1122 3018 volentes,
1141 2939 1240 3001 forma

157 3053 296 3112 humana
326 3044 448 3120 induta,
473 3044 607 3104 mercede
634 3045 809 3122 Pergamum
832 3046 930 3104 muris
963 3046 1082 3104 munire
1113 3045 1242 3125 polliciti

157 3161 262 3228 erant3
289 3148 456 3230 quodcum
486 3146 641 3217 fecissent,
674 3144 845 3206 Laomedon
871 3167 944 3207 vero
968 3147 1097 3206 debitam
1126 3166 1241 3206 meree-

156 3236 229 3317 'dem
252 3249 369 3314 solvere
386 3251 542 3324 uoluisset,
565 3251 639 3312 huic
656 3251 771 3332 regioni
790 3260 901 3331 pestem
916 3250 1042 3311 immisit
1059 3251 1167 3331 Apollo
1183 3251 1242 3332 (7).

164 3406 366 3425 Μ

191 3497 225 3555 (5)
243 3499 346 3546 cissos,
362 3490 415 3538 Lib.
431 3488 451 3536 l.
467 3486 543 3535 Praei.
558 3506 581 3548 p.
598 3486 620 3534 2.
636 3490 791 3535 odiham.

142 3642 144 3647 y
191 3582 225 3640 (6)
241 3583 342 3625 Hastam
355 3581 430 3636 Opera
443 3583 466 3619 et
480 3577 543 3621 Dias.
558 3590 592 3619 ra.
608 3574 660 3618 240.
671 3587 723 3628 sqq.

302 3673 404 3721 Τοῖσιν
420 3646 612 3737 δ’ὀόυρονόθεν
622 3655 811 3737 μέγ’ὲπήγαγο
826 3661 907 3732 πῆμα
914 3661 1046 3733 Κρονίων

301 3768 397 3842 Λιμόν
415 3765 490 3839 ὁμοῦ
514 3769 566 3826 να),
588 3762 702 3863 loppin·
726 3760 968 3831 ἀποφθινυσοοσι
988 3755 1021 3817 δὲ
1043 3762 1120 3816 λαοὶ.
1214 3824 1216 3828 ,

303 3872 380 3930 otte
398 3876 528 3949 γυναῖκες
551 3872 721 3940 τίκτουσιν,
742 3870 908 3942 μινύθουσι
927 3854 960 3923 ol
983 3858 1060 3923 οἶκοι

304 3975 397 4048 Ζηνὸς
417 3972 657 4053 φραδμοσύνῃσιν
677 3970 845 4047 Ὀλυμπίου.

196 4081 228 4136 (7)
246 4081 365 4123 Aroauoo.
385 4076 446 4121 Bibl.
463 4075 496 4119 11.
511 4073 533 4118 5.
547 4077 569 4119 9.
