2754 4710
455 436 672 496 -161—

125 590 186 671 33).
229 592 306 648 llauc
340 591 476 651 medendi
500 594 675 654 methodum
693 616 711 652 a
733 617 792 676 quo
812 598 903 655 nisio
923 611 1008 680 patre
1028 583 1112 664 accc-⁰

125 695 177 753 rt?
204 694 296 773 ldqne
326 696 500 772 praesertim
527 717 618 776 quum
637 698 710 757 baec
734 700 873 759 l‘odulirii
890 713 920 761 et
941 696 1111 766 Machaonia

125 817 199 876 nque
215 797 383 875 aequalium
404 797 551 857 medicina
567 801 678 879 optime
695 804 855 863 coriveniat
871 827 937 864 cum
957 808 1008 878 iis,
1034 831 1110 888 quae

125 902 159 958 so
189 899 362 977 Aesculapio
389 900 464 958 dicit
491 901 651 976 Pindarus,
687 907 802 967 scilicet
824 908 907 968 lruuc
936 930 996 967 nun
1016 914 1109 970 solnm

125 1003 215 1062 itibus
239 1003 408 1082 potionibus
432 1013 462 1062 et
490 1004 668 1066 sectionibus
695 1009 767 1069 alios
792 1004 923 1085 curasse,
950 1008 1110 1074 sedetiam

125 1109 174 1168 bus
201 1107 464 1168 incantationibus:
488 1111 569 1190 qnod
591 1122 691 1171 autem
716 1114 753 1171 ad
774 1117 969 1176 medicamina
984 1120 1110 1193 attinet,

128 1213 268 1274 membris
289 1213 422 1293 undique
446 1212 678 1273 circumnexisse
691 1215 802 1275 dicitur
823 1219 1010 1298 Aesculapius
1030 1220 1113 1299 (34),

133 1319 276 1378 videntur
295 1318 485 1398 intelligenda
502 1337 556 1397 per
571 1317 701 1376 amuleta
719 1318 798 1399 (35).
840 1321 907 1381 Jam
936 1321 1113 1383 scholiastes

124 1423 181 1482 avit
211 1421 453 1482 convenientiam
475 1423 556 1480 inter
572 1418 651 1477 lianc
668 1421 833 1501 Aesculapii
851 1425 976 1483 curandi
997 1426 1113 1484 metho-

135 1539 165 1587 et
184 1527 360 1587 medicinam
375 1528 464 1604 juxta
480 1525 660 1583 Homerum:
684 1544 758 1603 quas
778 1527 815 1584 ob
834 1548 949 1587 caussas
967 1529 1110 1606 majorem

149 1633 272 1693 Pindari
299 1633 397 1692 verbis
425 1632 539 1700 tribuo,
565 1647 654 1706 quam
672 1628 788 1706 Hygini.
828 1631 929 1690 Nimia
956 1631 1114 1710 igiturest

144 1757 236 1816 quam
261 1747 366 1796 auctor
393 1737 521 1813 isagoges
549 1734 717 1812 adscripta
736 1732 841 1794 Galeni
862 1739 1038 1817 Aesculapio
1054 1743 1112 1799 tri-

148 1841 230 1900 hunc
257 1841 353 1899 solum
384 1839 498 1898 scilicet
522 1839 684 1917 perfectam
714 1841 892 1899 medicinam
921 1852 950 1901 et
975 1843 1113 1903 omnibus

125 1943 174 2007 νοτ
195 1944 379 2016 absolutam,
412 1961 488 2021 quae
515 1960 620 1999 revera
652 1952 696 2000 est
715 1943 837 2014 divina,
862 1942 1109 2025 invenisse(36),

139 2046 238 2129 potius
265 2046 449 2126 Hippocrati,
482 2063 573 2125 quam
602 2047 775 2126 Aesculapio
798 2049 951 2107 convenit.
991 2046 1112 2109 Praeter

129 2150 256 2210 tationes
276 2160 306 2207 et
334 2149 463 2206 amuleta
480 2146 617 2205 remediis
632 2147 710 2206 idem
736 2159 816 2207 certe
836 2171 904 2208 usus
920 2160 980 2208 est:
1003 2149 1114 2208 Pinda-

127 2241 218 2313 altem
244 2253 282 2311 de
311 2251 480 2331 potionibus
498 2248 588 2308 etiam
613 2249 767 2330 loquitur,
791 2262 821 2313 et
848 2253 931 2332 ⁴apud
948 2249 1112 2311 Homerum

125 2358 213 2418 cneus
244 2357 318 2414 ‹tioit
341 2354 486 2412 medicum
510 2372 571 2412 esse
589 2355 691 2416 virum
716 2358 820 2418 multis
834 2357 904 2416 aliis
918 2358 1114 2437 aequiparan-

129 2459 245 2541 sam‘ttis
261 2457 442 2532 excidendis,
455 2456 635 2536 milibusque
646 2458 812 2540 pharmacis
821 2461 1024 2541 inspergendis
1035 2462 1111 2544 (37):

130 2656 355 2705 Aninachaonem,
373 2655 414 2696 alii
432 2656 571 2698 Podaliriurn
590 2657 647 2698 hane
668 2655 805 2696 sanationem
825 2655 944 2708 perfecisse
964 2655 1058 2706 dicunt,
1077 2657 1115 2698 sed

125 2746 150 2789 de
161 2743 245 2786 ritibus
259 2739 366 2794 religiosis
380 2737 524 2780 conveniunt.
556 2737 677 2792 Dionysius
699 2736 783 2788 (schol.
798 2736 869 2778 Pano.
885 2736 955 2790 Pyth.
968 2736 989 2778 1.
1002 2750 1037 2778 vs.
1054 2735 1113 2793 109.)

125 2818 167 2883 qui
179 2824 206 2865 sle
224 2820 346 2864 Machaona
366 2817 422 2859 lianc
441 2817 579 2859 curationem
599 2818 728 2872 perficiente
747 2817 864 2868 loquitur.
879 2814 947 2864 dicit,
974 2806 1115 2871 χρησμοῖς

125 2892 224 2963 linires
238 2879 472 2951 ἀπολουσαμὲνον
492 2879 542 2932 τὸν
561 2878 741 2948 Φιλοκτήτην
760 2878 941 2945 occurrimus.
975 2896 1012 2937 ef.
1025 2897 1111 2937 ΨΜ,

125 3000 198 3031 forna.
213 2983 280 3026 Alex.
293 2995 328 3023 vs.
343 2978 394 3024 911.
411 2979 456 3032 Qui
468 2979 607 3020 Podalirium
619 2980 767 3021 Philoctetam
780 2991 874 3027 sanasse,
888 2978 990 3026 tradunt,
1005 2991 1056 3018 eum
1069 2991 1114 3018 non

125 3067 282 3111 misanema
294 3060 384 3103 vulneri
404 3060 514 3109 illenim,
532 3061 612 3117 ajunt,
633 3063 671 3104 sed
691 3063 784 3104 eundem
803 3060 870 3102 etiam
891 3061 928 3115 pie
945 3060 1016 3114 patris
1034 3075 1114 3103 nomen

125 3166 158 3196 u.
174 3148 270 3203 (Quina.
284 3146 369 3187 Canu.
384 3143 435 3184 Lib.
452 3142 495 3184 IX.
508 3156 543 3187 vs.
564 3145 607 3186 too
626 3146 696 3199 sqq.).

133 3234 204 3275 Piso.
218 3227 289 3283 Pyro.
304 3226 350 3267 111.
363 3238 398 3284 vs.
412 3222 437 3264 ut
453 3235 486 3275 sq.
502 3223 538 3268 Cs.
553 3224 628 3267 Schol.

177 3358 180 3364 .
245 3317 321 3373 Τούς
340 3306 392 3382 μὲν
408 3311 551 3381 μαλακαῖς

231 3391 406 3453 Ἐπαοιδαῐς
429 3388 580 3461 ἀμφέπων,

247 3476 322 3535 Toic
339 3469 370 3527 di
388 3470 531 3545 προσανέα
552 3472 600 3523 ni-

246 3575 366 3622 νοντας,
388 3552 404 3622 ἢ
421 3557 514 3628 γυίοις
531 3549 695 3624 nectuntur
713 3548 858 3603 πάντοθεν

244 3637 396 3709 φάρμακα,
420 3635 488 3695 τούς
506 3628 537 3689 δὲ
560 3638 660 3703 τομαῖς

247 3717 366 3772 ἔστασεν
383 3713 505 3788 ὀρθούς.

133 3844 172 3888 Ci'.
187 3845 215 3889 P.
224 3856 253 3888 vv.
268 3843 378 3884 Iausuno
390 3839 524 3883 Baouwsn.
538 3849 560 3880 o.
573 3848 593 3876 c.
608 3836 635 3876 P.
651 3835 671 3877 1.
685 3832 714 3873 T.
731 3829 750 3874 l.
766 3846 789 3886 p.
803 3831 854 3877 289.

133 3927 226 3976 Graan,
242 3924 300 3977 trag.
314 3923 359 3976 Op.
373 3921 407 3963 ed.
422 3933 458 3974 ap.
477 3920 540 3960 tunt,
556 3919 591 3960 sa.
605 3931 628 3971 p.
643 3913 679 3956 51.
696 3915 725 3956 G.

137 4009 166 4052 ll.
182 3995 217 4043 Λ·
232 4021 267 4048 vs.
281 4003 331 4048 514.
