2754 4710
142 617 239 678 morbi
268 617 385 685 exitum
413 616 532 696 potius,
571 633 666 693 quum
694 612 732 671 ad
750 614 902 676 morbum
931 616 1029 694 ipsum
1055 619 1224 696 pertinente

141 726 276 803 adeoque
293 723 528 793 assentiendum,
539 729 583 783 est
602 719 672 778 viro
691 719 763 779 eber.
788 719 968 804 Prorsus
979 740 1040 780 usu
1055 719 1226 788 Horrenda

142 829 252 888 horum
272 806 425 908 signorum
446 827 480 887 vi
499 821 682 905 diagnostioa
703 821 831 880 dicenti:
863 825 1087 898 tQute'uerte,
1111 823 1228 891 nisiad

141 952 261 992 omnem
280 931 470 991 attendamus
490 936 726 1009 symptomatum
746 926 942 1006 syndromen,
966 929 1067 988 miuus
1089 937 1156 988 tuta
1173 927 1226 987 de-

104 1037 106 1041 ’
145 1035 411 1119 prehenduntur.”
589 1110 592 1117 Ι
650 1018 655 1027 ’

174 1138 176 1143 ’
231 1136 234 1144 ’
483 1122 771 1225 nu*
1146 1224 1149 1237 Ι
1208 1224 1211 1233 Ι

187 1303 348 1387 Pleraque,
376 1320 454 1381 quac
467 1295 911 1383 calumme-hydrothmacia
932 1297 1070 1368 chronici
1089 1309 1228 1378 sympto-

144 1414 223 1463 mata
243 1404 389 1483 ejusmodi
405 1413 494 1479 suut,
517 1413 550 1463 ut
567 1401 766 1481 suspicionem
785 1413 904 1463 tantum
933 1416 1093 1482 moveant,
1125 1407 1226 1466 adesse

146 1511 227 1567 hunc
239 1508 391 1568 morbum:
405 1509 490 1568 unlla
508 1517 608 1568 autem
627 1516 707 1565 certo
725 1506 819 1583 hujus
841 1509 936 1569 morbi
952 1510 1053 1589 signa,
1077 1513 1135 1572 nisi
1148 1533 1226 1592 quae

145 1635 182 1671 ex
194 1612 410 1672 auscultatione
430 1621 460 1670 et
477 1612 665 1690 percussione
684 1622 841 1690 petuntur.

650 1765 725 1847 xv.

188 1904 221 1962 Si
239 1915 305 1983 post
322 1906 476 1966 cadaveris
498 1905 661 1966 sectionem
681 1922 805 1977 eorum,
830 1905 884 1983 qui
903 1906 1042 1966 obierunt
1068 1927 1106 1966 ex
1124 1907 1228 1964 morbo

146 2029 198 2082 eo,
221 2009 276 2086 qui
291 2008 405 2088 angina
426 2010 554 2089 pectoris
574 2009 704 2082 dicitur,
726 2007 920 2069 valvulurum
950 2011 1108 2072 ossificatio
1136 2012 1226 2070 simul

145 2134 214 2171 curn
234 2112 450 2193 hypertropbia
464 2114 559 2193 ipsius
578 2112 760 2174 substantiae
772 2115 870 2174 cordis
891 2115 1058 2196 reperitur,
1082 2118 1156 2178 haec
1173 2138 1227 2198 po-

145 2219 207 2275 tius
226 2237 283 2296 pro
301 2215 408 2276 effectu
426 2217 529 2292 illius,
559 2238 651 2297 quam
672 2219 796 2299 quidem
817 2243 872 2302 pro
892 2222 986 2303 ipsius
1008 2223 1104 2284 morbi
1125 2243 1243 2284 caussa·

146 2322 285 2400 proxima
305 2333 350 2382 est
370 2323 512 2383 habenda.

623 2433 718 2502 XVI.

188 2565 234 2624 Ex
253 2566 360 2625 vitiata
379 2567 531 2648 sanguinis
549 2569 625 2628 crasi
643 2568 756 2649 optime
781 2569 879 2628 morbi
901 2570 984 2630 illius
994 2617 1003 2645 ‚
1032 2571 1088 2650 qui
1108 2570 1227 2630 chloro-

145 2669 185 2727 sis
212 2681 354 2745 vocatur,
379 2681 578 2750 symptomata
598 2674 801 2752 explicantur.

640 2828 743 2894 xv11.

187 2961 332 3021 Anatome
352 2962 536 3041 pathologica
555 2961 770 3023 diversissimas
791 2963 889 3023 morbi
919 2965 1027 3024 formas
1052 2962 1222 3022 adsimiles

143 3085 260 3124 caussas
280 3065 393 3125 referre
412 3065 536 3126 didicit:
558 3067 696 3146 exemplo
716 3068 779 3126 sint
799 3067 1091 3147 eccephalomolaoia
1110 3075 1141 3124 et
1151 3085 1224 3145 gon-

143 3187 253 3246 graena
280 3168 394 3241 senilis,
432 3190 509 3250 quae
538 3170 654 3250 saepius
684 3171 777 3232 simili
805 3192 939 3244 caussae,
972 3193 1013 3232 sc.
1043 3170 1224 3232 arteriarum

146 3272 353 3345 ossificatioui,
378 3274 532 3335 nituntur.

616 3403 744 3473 XVlll.

189 3543 235 3599 De
260 3541 457 3622 ophthalmiis
475 3543 548 3603 haec
567 3544 649 3603 valet
668 3544 788 3624 regule:
812 3545 992 3624 gravitatem
1011 3542 1227 3603 inflammatio-

146 3644 194 3703 nis
215 3645 317 3704 minus
337 3645 468 3706 iudicari
486 3647 589 3709 dolore
606 3667 656 3721 eo,
688 3648 743 3728 qui
770 3648 804 3708 iu
833 3649 898 3729 ipso
918 3647 1021 3724 oculo,
1044 3668 1136 3728 quum
1157 3648 1228 3728 qui·

145 3749 213 3806 dem
231 3768 282 3820 eo,
305 3747 359 3827 qui
378 3748 411 3807 in
431 3751 567 3829 pertibus
585 3751 865 3833 circumjacentibus
884 3752 997 3815 haeret.

642 3882 733 3950 XIX.

187 4011 219 4071 Si
241 4012 274 4071 iu
290 4013 387 4073 cranii
398 4013 541 4078 fracturis
558 4023 692 4100 quaestio
702 4031 905 4104 proponatur,
930 4042 1078 4103 quaenam
1099 4021 1224 4081 curandi

149 4116 306 4178 methodus
331 4118 371 4178 sit
389 4119 591 4198 instituenda,
629 4135 663 4186 ut
682 4127 785 4207 gravia
806 4135 1018 4207 symptomata,
1052 4145 1128 4207 quse
1155 4147 1225 4188 san-
