2754 4710
558 457 595 467 -
646 411 699 480 173
742 460 779 469 -

125 583 209 642 reriri
232 581 309 663 (91).
351 582 437 654 Quod
456 582 665 662 Aesculapium
685 585 781 663 ipsum
796 588 916 662 attinet,
939 592 1003 667 jam
1023 597 1185 673 supradixi

125 705 175 747 rou
200 687 267 745 veri
294 706 354 745 esse
383 685 500 760 simile,
532 686 629 764 prima
659 690 784 768 vestigia
809 692 873 768 ejus
890 695 994 759 ,cultus
1014 697 1047 755 in
1063 699 1188 759 Oriente

125 811 172 852 sse
193 791 383 870 quaerendo:
417 789 441 847 si
471 799 571 849 autem
595 791 657 868 ipse
684 793 765 853 Deus
789 797 910 876 ejusque
942 801 1039 859 cultus
1067 824 1127 861 nou
1150 825 1187 864 ex

125 897 238 958 >rieute
263 895 300 958 ad
328 886 451 954 Graeiros
483 893 672 972 pervenerit,
706 916 766 954 uon
799 909 923 958 temere¹
947 903 1073 961 animal
1091 906 1184 979 illud,

125 1000 192 1078 nod
221 1000 253 1058 iu
273 999 329 1058 lroc
345 999 427 1058 cultu
447 997 618 1078 praecipuus
631 999 692 1078 egit
706 1017 823 1082 partes,
847 1006 954 1066 exinde
975 1019 1019 1066 est
1040 987 1188 1069 deducen-

129 1131 203 1169 um:
238 1109 328 1188 idque
352 1128 387 1166 eo
416 1107 537 1183 miuus,
567 1129 661 1187 quum
695 1130 755 1167 uon
788 1110 884 1170 solum
910 1114 1104 1191 Aesculapio,
1138 1119 1187 1174 sed

125 1214 216 1274 tultis
232 1212 298 1270 aliis
319 1209 511 1284 numinibus,
537 1211 581 1270 uti
605 1212 723 1286 Cereri,
750 1215 880 1291 Baccho,
904 1218 1052 1295 Apollini,
1078 1221 1189 1279 Minera

125 1341 184 1388 ae,
218 1317 368 1378 Mercurio
398 1327 428 1375 et
458 1316 596 1374 heroibus
618 1337 737 1396 serpeus
757 1329 831 1377 esset
847 1339 928 1379 saoer
945 1320 1029 1401 (92),
1053 1323 1186 1403 adeoque

128 1409 226 1483 ullam
256 1444 387 1483 caussam
408 1422 542 1499 videam,
567 1441 679 1501 quare,
700 1423 726 1481 si
745 1424 914 1503 Aesculapii
941 1426 1030 1503 angui
1047 1427 1187 1486 Orienta-

125 1551 165 1588 rm
185 1528 343 1605 originem
368 1525 566 1585 adscribamus
576 1572 589 1598 ,.
615 1547 676 1584 non
705 1527 784 1585 idem
813 1528 849 1586 de
868 1530 1004 1588 omuibus
1027 1531 1095 1588 aliis
1114 1532 1182 1591 Diis

126 1630 349 1692 renuntiemus.
372 1628 453 1688 Dicit
468 1638 569 1688 autern
588 1629 639 1687 vir
651 1629 836 1690 Clarissimus
853 1654 913 1691 vau
931 1633 1073 1713 Limbnrg
1085 1637 1182 1695 Bron-

125 1759 191 1812 rer,
223 1756 285 1795 non
308 1754 424 1813 semper
452 1737 484 1793 in
517 1744 651 1793 veterum
674 1736 763 1795 cultu·
785 1747 950 1814 serpentem
976 1738 1055 1795 idem
1074 1740 1185 1818 signifi-

125 1863 194 1917 tre,
224 1840 333 1901 ‘verum
352 1839 432 1898 nihil
449 1838 609 1917 insipidius
630 1857 711 1912 esse,
733 1832 823 1917 quam
843 1840 964 1899 illorum
988 1842 1180 1919 opinionem,

125 1946 161 2005 ui
186 1945 221 2003 iu
250 1942 389 2003 omnibus
417 1941 602 2021 serpentibus
627 1940 793 2018 symbolum
818 1944 942 2024 aliquod
959 1944 1184 2004 Orientale'vi-

125 2057 215 2109 eant:
238 2068 389 2128 sumque,
417 2047 477 2117 ait,
500 2047 601 2105 forsan
622 2066 660 2104 ex
677 2047 888 2127 antiquissimo
907 2047 1035 2108 Fetisriro
1053 2047 1183 2108 incultu

125 2152 281 2214 emansisse
304 2150 384 2232 (93).
412 2150 492 2209 Haec
514 2146 619 2210 ultima
638 2150 804 2210 observatio
820 2151 959 2231 quidem,
980 2154 1025 2211 uti
1048 2153 1111 2232 ipse
1131 2155 1183 2211 ob-

125 2266 206 2317 errat
233 2256 284 2313 vir
313 2252 522 2328 Clarissimus,
544 2254 745 2332 quaestionem
765 2255 863 2334 potius
880 2256 992 2332 evitat,
1015 2276 1106 2336 quam
1123 2257 1182 2314 sol·
1260 2268 1264 2274 ’

125 2362 151 2423 it
158 2382 168 2437 ;
196 2370 328 2421 aionien
358 2358 444 2417 nobis
475 2367 519 2416 est
541 2358 666 2436 alicujus
684 2361 848 2435 momenti,
869 2381 908 2419 ne
928 2366 1039 2419 temere
1055 2368 1180 2440 anguem

125 2463 276 2542 ieseulapii
298 2482 338 2521 ex
363 2461 487 2520 Oriente
514 2459 702 2535 deducemus,
730 2464 779 2523 sed
795 2464 951 2543 potius‘ex
968 2464 1071 2522 eodem
1089 2463 1180 2523 Fetis-

125 2586 170 2637 ro.
202 2585 239 2624 ex
266 2585 328 2644 quo
357 2565 447 2622 etiam
476 2563 535 2620 alia
565 2564 689 2622 numine
704 2565 762 2626 hoo
780 2566 944 2644 symbolum
972 2567 1119 2651 aooepisse
1136 2569 1185 2626 vi-

125 2678 220 2729 entur.
263 2669 356 2727 Juxta
382 2668 566 2746 Bottigerurn
592 2669 658 2749 (94)
680 2671 802 2748 anguis,
828 2671 877 2730 cui
894 2671 976 2749 apud
995 2682 1040 2730 tot
1057 2673 1180 2750 populos

125 2773 201 2835 irini
224 2772 346 2855 aliquid
378 2773 582 2847 tribuebatur,
612 2773 751 2830 universe
778 2773 827 2830 vel
849 2774 920 2831 mali
940 2776 1084 2854 principii
1102 2799 1183 2855 syru-

125 2878 209 2939 elum
240 2887 323 2940 erat.
354 2875 403 2932 vel
419 2875 554 2934 numinis
578 2872 704 2949 alicujus
722 2874 803 2932 boui.
845 2876 918 2934 Hinc
938 2887 1079 2956 tunquam
1098 2899 1181 2956 sym·

125 2980 202 3043 olum
227 2978 301 3036 mali
328 2977 473 3056 principii
498 2978 593 3036 Evam
614 2977 647 3035 in
665 2977 802 3036 l'aradiso
824 2978 862 3036 erl
879 2978 1060 3056 peccandum
1078 2992 1181 3039 contra

125 3084 154 3149 lei
178 3085 368 3147 voluntatem
404 3085 572 3162 perduxisse
598 3079 727 3153 dicitnr,
760 3091 790 3140 et
821 3080 892 3137 mali
929 3081 1114 3161 principium
1145 3084 1180 3141 in

125 3190 284 3271 ipthplogia
310 3189 475 3264 Zoroastri,
508 3188 586 3266 quod
618 3184 792 3246 Alsriuianes
822 3185 937 3260 refert,
958 3197 1093 3265 serpente
1122 3188 1180 3266 sig-

125 3362 404 3377 ffl—

126 3455 179 3511 (91)
195 3457 314 3502 sionna.
328 3456 363 3497 die
376 3453 542 3510 Hieroglyphen
555 3453 580 3494 in
593 3417 638 3494 den
648 3453 742 3508 Myrtus
756 3455 794 3495 des
808 3453 962 3508 Aesculapius.
976 3467 998 3508 p.
1013 3455 1036 3499 2.

126 3538 181 3594 (92)
196 3541 224 3582 P.
240 3536 646 3586 v.L1usunanouwsn,Hist.d.
662 3535 679 3579 1.
695 3535 763 3578 Civil.
777 3535 814 3575 des
827 3533 905 3577 Grees.
921 3536 986 3576 Part.
1002 3535 1036 3579 11.
1053 3533 1118 3577 Tom.
1134 3536 1180 3579 lv.

127 3619 193 3666 ,Μ
207 3629 231 3664 et
241 3628 343 3663 auctores
356 3620 388 3662 ibi
399 3620 485 3662 laudati
499 3618 536 3660 Cf.
553 3617 628 3661 Schol.
644 3617 668 3659 iu
683 3616 808 3658 Annon.
830 3615 893 3657 Plut.
915 3628 949 3658 rs.
970 3613 1025 3656 733:
1042 3598 1180 3660 llKOWtitss

125 3699 245 3764 'eruum
265 3717 326 3771 τοῖς
344 3704 432 3782 ἥρωσι
453 3706 605 3781 δράκοντες
618 3703 818 3778 παρετίθεντο,
841 3698 991 3773 ἐξαιρέτως
1003 3695 1035 3775 ll
1055 3722 1094 3777 τῳ
1110 3705 1179 3756 Ἀσ-

1021 3790 1027 3813 l

125 3806 251 3888 ῑηπιῳ.”
287 3840 293 3862 r

131 3905 186 3965 (93)
199 3910 227 3954 Ρ.
241 3924 264 3952 r.
279 3912 388 3953 Ltusuuo
402 3912 537 3958 Bnouwnn,
551 3910 568 3950 l.
578 3924 598 3951 c.
613 3923 635 3962 p.
643 3905 694 3951 245.
711 3904 748 3946 Cf.
757 3906 882 3952 uernans,
898 3905 1076 3960 Kunstmyth.p.
1086 3902 1180 3974 b4-59.

133 3981 185 4042 (94)
200 3990 333 4033 ueterem.
349 3990 497 4044 Kuustmyth.
512 4003 532 4043 p.
548 3987 642 4031 54-59.
694 4020 697 4024 ι
982 3989 986 3996 ’
