2754 4710
585 460 803 518 ..151-

146 617 292 697 expressis
321 617 419 676 verbis
447 625 564 696 poetam
588 619 710 678 vocavit
733 617 819 698 (88);
844 626 874 675 et
893 617 1049 676 Pausanias
1072 627 1195 678 testatur
1208 663 1217 694 ‚

147 743 217 782 eum
248 743 384 801 magnam
411 724 620 782 alletoritatem
644 743 680 780 ex
710 742 745 780 eo
773 742 832 781 esse
861 731 1069 796 consecutum,
1091 723 1171 802 quod
1188 731 1218 781 et

148 829 276 886 Deorum
298 827 387 885 initia
413 828 557 908 (τελετὰς)
578 837 617 896 ,εἰ
641 826 823 884 nefariorum
849 825 1016 884 facinorum
1036 826 1219 905 expiationes

148 941 194 991 est
220 931 348 992 creditus
375 931 582 1008 adinvenisse5
610 932 778 992 morborum
808 930 898 988 etiam
928 928 1058 987 remedia
1078 938 1109 987 et
1128 930 1222 989 irato-

147 1057 217 1094 rum
246 1035 405 1095 numinum
432 1036 611 1114 placationes
638 1037 715 1115 (89).
759 1032 812 1092 llis
831 1032 925 1112 igitur
946 1031 1067 1090 testibus
1089 1032 1113 1089 si
1135 1032 1222 1090 fidem

147 1140 299 1215 hahemus,
311 1140 449 1219 Orpheus
468 1151 532 1199 erat
550 1140 698 1210 medicus,
722 1137 823 1216 quales
843 1136 876 1194 in
896 1136 1088 1215 praecedente
1108 1136 1123 1212 ξ
1144 1135 1223 1214 apud

148 1253 264 1302 veteres
297 1264 345 1302 eos
373 1244 463 1303 suisse
499 1244 633 1303 ostendi:
655 1242 823 1312 videamus,
855 1239 926 1318 quid
953 1239 1007 1297 alii
1036 1249 1169 1297 auctores
1188 1238 1224 1296 de

148 1348 251 1407 eodem
264 1348 455 1407 tradiderint.
476 1349 631 1419 Diodorus,
646 1326 702 1406 hae
713 1347 745 1403 in
766 1363 799 1402 re
809 1343 962 1421 Ephorum
973 1352 1098 1416 secutus,
1109 1349 1221 1410 narrat,

150 1451 305 1529 Orpheum
334 1452 422 1510 fuisse
451 1451 632 1532 discipulum
664 1450 856 1528 Dactylorum
900 1449 1009 1507 montis
1048 1447 1135 1523 ldae,
1173 1447 1224 1526 qui

149 1554 309 1612 excellenti
338 1555 458 1632 ingenio
486 1555 523 1612 ad
543 1555 645 1633 poesin
666 1561 695 1610 et
717 1553 874 1611 melodiam
893 1574 911 1609 a
931 1562 1038 1610 natura
1058 1552 1224 1610 instructus

148 1658 266 1737 primus
295 1658 454 1716 initiorum
482 1659 682 1717 caeremonias
713 1669 743 1716 et
771 1661 912 1736 mysteria
931 1658 964 1715 in
984 1658 1137 1716 Graeciam
1157 1667 1222 1715 tra·

146 1761 267 1820 duxisse
287 1761 440 1821 dicebatur
460 1764 547 1840 (90);
570 1764 709 1842 mysteria
728 1763 796 1833 illa,
822 1783 913 1841 quae,
939 1764 1020 1841 orgia
1041 1776 1164 1836 vocata,
1186 1763 1222 1819 ab

143 1865 233 1923 initio
253 1888 270 1923 a
292 1866 406 1924 Baccho
426 1866 514 1924 fuisse
535 1867 673 1925 instituta
693 1867 885 1941 dicebantur,
914 1866 983 1923 dein
1013 1867 1049 1923 ab
1078 1866 1143 1944 ipso
1162 1866 1221 1924 Or-

144 1967 243 2045 pheo,
276 1970 327 2045 qui
360 1987 394 2025 ea
425 1968 548 2028 Graecos
568 1969 727 2043 docuerat,
751 1989 859 2026 nomen
879 1968 1026 2026 habebant
1047 1967 1123 2048 (91).
1164 1968 1222 2026 llac

146 2082 246 2130 autem
276 2072 308 2129 in
339 2092 371 2129 re
399 2084 535 2130 auctores
563 2075 797 2145 conveniebant,
821 2073 912 2131 fuisse
932 2073 1086 2150 Orpheum
1107 2080 1219 2150 myste-

146 2176 261 2233 riorum
283 2174 403 2232 illorum
432 2175 660 2252 institutorem,
689 2199 764 2256 quae
797 2177 901 2236 Graeci
927 2177 1059 2256 Orphica
1087 2178 1222 2235 nominu-

146 2290 238 2355 runt,
269 2300 396 2358 quorum
426 2281 540 2340 initiati
569 2282 680 2341 similes
700 2283 777 2341 ritus
803 2282 1014 2352 observabant,
1034 2302 1106 2360 quos
1125 2289 1224 2359 postea

146 2385 330 2463 Pythagorae
360 2394 516 2446 sectatores
546 2386 623 2467 (92).
663 2386 824 2445 Pausaniae
844 2395 978 2464 tempore
998 2385 1077 2464 apud
1098 2384 1223 2442 Graecos

147 2490 257 2547 multae
275 2491 373 2552 adhuc
393 2492 568 2551 traditiones
586 2491 767 2550 exstiterunt
783 2489 819 2548 de
843 2490 923 2549 sestis
938 2491 974 2547 ab
995 2489 1115 2568 Orpheo
1132 2488 1220 2547 insti·

148 2592 221 2650 tutis
236 2602 267 2651 et
282 2594 319 2652 de
341 2596 458 2673 templis
476 2597 513 2653 ab
532 2596 634 2653 eodem
653 2597 688 2653 in
708 2600 841 2655 Deorum
863 2595 1006 2654 honorem
1025 2595 1130 2654 erectis
1143 2592 1221 2673 (93).

149 2697 255 2754 Nostro
276 2716 364 2772 scopo
397 2696 468 2755 haec
486 2699 631 2758 indicasse
652 2701 794 2769 sufficiat,
821 2709 855 2758 ut
873 2701 1030 2778 probemus
1041 2745 1050 2773 ‚
1072 2699 1221 2778 Orpheum

148 2886 177 2911 eu
190 2868 247 2914 soit,
263 2866 312 2908 rien
326 2881 353 2907 ne
366 2881 422 2907 nous
435 2866 539 2922 emptche
553 2871 690 2910 d’examiuer
703 2872 734 2912 les
747 2872 880 2921 traditione,
902 2873 969 2925 qu’on
982 2879 1062 2913 trouve
1074 2873 1126 2913 cher
1139 2872 1170 2913 les
1183 2885 1225 2912 au·

150 2959 211 2991 teurs
224 2947 327 2994 enciens,
349 2947 388 2998 qui
402 2960 424 2988 se
438 2954 571 3000 rapporteut
592 2948 661 2991 aune
675 2965 796 3003 personne,
816 2953 883 3003 qu’ils
897 2959 936 2993 out
948 2949 1048 2992 nornmde
1061 2950 1150 3007 Orpheis
1157 2981 1163 3000 ,
1180 2958 1224 2992 tra·

150 3027 232 3068 ditions
240 3056 248 3076 ,
268 3026 307 3078 qui
325 3040 379 3067 noue
392 3026 473 3067 affrent
488 3040 519 3067 un
532 3027 621 3068 tableau
635 3026 725 3068 demittit
739 3031 775 3072 des
782 3030 891 3083 quelitds,
907 3033 975 3084 qu’on
988 3031 1108 3072 attribuoit
1120 3045 1164 3072 aux
1173 3045 1225 3084 prr-

150 3108 217 3152 miers
231 3109 373 3150 instituteurs
385 3109 421 3150 des
435 3108 524 3149 arciens
539 3109 617 3151 Grecs.
648 3112 689 3151 Ces
702 3110 821 3152 traditions
836 3113 945 3160 existent,
960 3118 983 3152 et
995 3112 1041 3153 l'ou
1056 3126 1111 3153 nous
1126 3119 1225 3165 permet-

149 3201 200 3240 tra,
212 3188 321 3245 j’esplrre,
335 3191 361 3230 de
373 3189 449 3231 suivre
461 3189 579 3244 l'exemple
598 3189 634 3230 des
648 3196 740 3232 auteurs
759 3194 792 3235 les
811 3195 863 3249 plus
883 3195 984 3236 illustres
1002 3194 1028 3234 de
1047 3191 1176 3245 l’autiquitb
1197 3207 1224 3235 en

149 3280 282 3318 conservant
296 3274 317 3314 le
330 3287 381 3314 nom
394 3271 507 3327 u‘orphte
518 3285 547 3313 eu
561 3275 638 3326 polite,
654 3273 745 3325 qu‘elles
759 3278 918 3319 comment?
932 3277 968 3319 ct.
984 3292 1008 3331 p,
1022 3277 1065 3319 334
1078 3290 1129 3330 sqq,

179 3357 227 3414 (88)
244 3357 402 3399 Puruocaonus
416 3369 454 3411 ap.
470 3357 546 3399 esau.
565 3356 643 3398 Anax.
657 3357 739 3398 Strom.
754 3357 774 3400 1.
789 3373 812 3413 p.
827 3357 879 3400 400.
1213 3389 1237 3414 ι.

179 3439 421 3496 mmmmm
1213 3424 1334 3500 μθ,

181 3520 799 3577 mmmmmvmmmpmp
958 3556 960 3560 ,
1224 3492 1342 3585 tl)

182 3604 228 3658 (st)
246 3605 315 3644 ruem.
329 3603 381 3645 Lis.
397 3604 442 3644 111.
457 3616 476 3644 ο.
492 3602 528 3645 64.
545 3603 585 3654 (r.
599 3603 620 3645 1.
636 3619 659 3658 p.
676 3602 747 3658 rsa).

180 3685 227 3739 (92)
243 3687 337 3726 llsnou.
353 3685 386 3726 11.
406 3683 443 3725 el.
457 3685 526 3727 Paos.
541 3686 561 3726 I.
575 3685 613 3728 37.
626 3683 696 3726 Nefas
707 3690 770 3734 erat,
784 3682 872 3725 silaneis
885 3681 1023 3724 vestimentis
1036 3687 1109 3724 essent
1122 3679 1204 3722 induti.
1281 3658 1295 3668 Α

180 3767 227 3819 (93)
246 3767 280 3807 lta
293 3763 353 3820 apud
367 3764 485 3820 Aeginetae
500 3765 572 3816 festa,
586 3781 643 3820 quae
657 3766 776 3821 quotannis
789 3765 813 3808 in
830 3765 923 3807 llecates
937 3763 1042 3805 honoram
1056 3763 1227 3805 celebrabantur

150 3853 228 3906 (Prus.
238 3849 270 3889 11.
285 3846 344 3900 30.).
360 3847 429 3888 Juxta
443 3847 625 3891 Lacedaemonios
643 3849 731 3891 cultum
751 3848 838 3891 Cereris
856 3847 980 3890 Chthonius
997 3846 1128 3891 instituerat
1147 3846 1227 3898 (Paos.

148 3933 196 3976 111.
208 3930 263 3984 lt).
278 3929 398 3984 'l'ernplum
410 3929 571 3986 Proserpinae,
587 3932 644 3984 quod
658 3932 752 3988 Spartae
765 3937 825 3981 erat,
848 3930 875 3972 ab
895 3929 982 3984 Orphea
1012 3943 1057 3972 esse
1085 3928 1227 3971 aedificatum

146 4017 253 4059 dixerunt
265 4013 341 4067 (Paos.
356 4011 403 4054 111.
420 4010 476 4070 lt).
