2754 4710
586 82 805 142 -129-

134 235 282 303 braicis
297 242 479 311 derivatum,
503 241 581 300 nihil
598 242 679 301 aliud
694 240 870 320 significasse
878 286 887 315 ,
911 241 968 300 nisi
985 249 1084 300 aerem
1093 244 1253 306 salutarem

147 365 209 408 ex
235 346 362 409 thermis
390 346 615 406 adscendentem
624 346 750 421 ,·dicit,
772 368 866 426 quare
885 348 975 407 etiam
995 349 1083 426 juxta
1103 370 1171 409 eum
1190 353 1255 431 ple·

159 467 271 530 reque
300 446 411 528 templa
438 449 528 526 liujus
560 449 618 511 Dei
646 470 739 530 prope
764 471 855 529 aquas
893 452 1036 513 salutares
1064 453 1255 534 thermasque

163 565 248 615 sunt
261 555 351 628 ssita;
372 555 416 615 ita
449 536 541 614 etiam
572 553 701 631 insignia
731 553 789 612 Dei
812 574 848 613 ex
869 555 934 633 ipso
952 558 1075 614 nomine
1099 559 1256 636 symbolice

168 660 306 739 explicat
331 660 388 741 (3).
440 659 587 737 Epidauri
620 671 686 717 erat
716 658 908 718 simulacrum
931 661 1099 739 Aesculapii
1131 662 1165 718 in
1184 661 1257 719 solio

151 763 320 836 sedentis,
353 784 443 820 manu
464 763 556 820 altera
577 763 713 823 baculum
729 765 885 839 tenentis,
906 765 1000 823 altera
1021 766 1115 843 capiti
1136 785 1257 844 serpen·

176 870 213 927 tis
244 868 399 946 imposita:
431 865 468 925 ad
495 866 582 945 pedes
604 867 684 943 jacet
704 852 801 942 canis3
832 869 865 926 in
885 870 958 928 solio
978 871 1056 928 sacta
1077 870 1257 948 Argivorum

176 972 301 1031 heroum
334 982 404 1031 sunt
431 970 513 1048 picta
525 1016 534 1043 ,
556 970 671 1029 scilicet
696 954 932 1050 Bellerophontis
955 974 1140 1034 Chimaeram
1162 975 1259 1034 inter·

175 1076 304 1136 ficientis
324 1084 356 1132 et
375 1074 474 1132 Persei
497 1073 627 1131 Medusae
648 1084 737 1152 caput
757 1073 957 1134 abscindentis
980 1076 1038 1156 (A).
1065 1077 1147 1136 llaec
1159 1080 1261 1136 omnia

177 1200 214 1239 ex
244 1178 316 1257 ipso'
339 1177 459 1236 nomine
492 1175 660 1256 Aesculapii
688 1196 750 1234 esse
780 1177 916 1237 derivata
949 1174 1113 1240 contendit
1134 1181 1260 1240 Siclcler.

176 1282 256 1343 Nam
287 1283 325 1340 l⁰.
345 1279 471 1339 Baculus
500 1279 616 1350 tenuis,
641 1282 893 1360 virga,signilicat
909 1285 1075 1360 Aescblrol,
1098 1307 1186 1364 quem
1207 1306 1261 1364 pa-

175 1401 224 1454 ter
254 1384 327 1468 (Ab)
357 1406 449 1442 manu
477 1393 578 1451 tenet:
597 1404 679 1462 ,quae
699 1404 784 1442 voces
808 1387 987 1464 compositae
1010 1389 1127 1448 faciunt
1146 1391 1262 1448 Aescu·
1352 1460 1355 1465 ,

175 1494 320 1574 inpium:
348 1495 391 1549 2⁰.
412 1489 445 1546 in
473 1487 546 1545 solio
577 1487 674 1560 sedet,
705 1497 847 1565 tanquam
869 1490 985 1567 sapiens
1007 1502 1091 1569 pater
1112 1492 1259 1573 (Suebal,

173 1599 274 1676 sapite
295 1605 325 1652 et
349 1593 413 1664 Ab,
439 1588 537 1669 pater')
564 1589 735 1649 Archalab:
765 1595 809 1652 30.
825 1615 947 1650 inanum
973 1595 1103 1672 serpenti
1131 1595 1263 1674 imponit

175 1696 429 1782 {Asclaalcepdc:
461 1694 575 1753 Ascbul
602 1693 700 1778 sepire
729 1703 759 1751 et
785 1696 887 1776 Aeplre
913 1696 1060 1776 serpens):
1084 1701 1126 1757 to.
1142 1700 1263 1759 baculus

175 1826 248 1864 cum
269 1812 405 1881 serpente
425 1799 604 1886 conjunctus
624 1795 1005 1882 fornratAescAlsolueplte:
1025 1804 1262 1864 5⁰.Acscltlrcleb

179 1909 278 1989 (Esclr
288 1891 384 1986 ignis,
399 1905 508 1965 Ctetet
526 1901 639 1979 canis):
665 1904 706 1985 6⁰?
716 1892 891 1963 Aesctatat‘
905 1904 989 1985 (Aes,
1001 1906 1065 1964 sire
1082 1909 1164 1966 Aede
1174 1927 1264 1985 capra

179 2023 210 2071 et
221 2011 337 2071 enatat
349 2009 425 2088 lar):
450 2009 493 2067 7⁰.
510 2004 717 2085 Ascblslaepha
736 2003 895 2084 (Aessclsol
915 2007 1050 2083 deletor,
1067 2010 1187 2091 Aspice,
1208 2031 1264 2068 an-

178 2117 244 2198 guis
253 2161 262 2190 ,
282 2115 355 2195 quia
371 2115 492 2174 Perseus
509 2109 660 2187 Medusam
678 2117 770 2188 caput
796 2111 963 2188 anguinum
993 2112 1151 2173 habentem
1169 2114 1265 2174 inter-

179 2218 267 2300 ficit).
309 2221 354 2279 lta
380 2217 568 2281 doctissimus
588 2213 716 2274 Sictler.
760 2215 912 2274 Miramur
923 2217 986 2276 viri
1002 2218 1167 2278 doctissimi
1183 2220 1267 2298 inge-

180 2326 295 2384 niosam
322 2322 540 2393 subtilitatem,
578 2318 628 2376 sed
662 2317 853 2390 dubitamus,
882 2321 919 2378 in¹
945 2321 1007 2380 solo
1038 2326 1267 2394 nominestles·

182 2427 296 2505 culapii
319 2434 363 2483 tot
383 2444 401 2479 a
422 2442 452 2480 se
468 2415 600 2478 invicem
627 2416 796 2496 differentes
824 2423 961 2480 notiones
987 2426 1160 2501 conjunctas
1189 2427 1266 2485 suis-

183 2553 214 2591 se
244 2525 402 2606 veteribus.
450 2522 499 2580 llis
536 2521 644 2577 addere
682 2522 770 2580 liceat
799 2524 1020 2602 etymologiam,
1055 2547 1147 2604 quam
1186 2526 1266 2605 apud

186 2627 381 2693 Meibomium
399 2624 535 2702 ¹reperi,
576 2643 707 2701 quaeque
747 2633 860 2703 spectat
889 2626 927 2691 ad
955 2627 1086 2686 fabulum
1117 2629 1153 2687 de
1193 2649 1266 2689 cane

183 2732 396 2811 Aesculapium
428 2730 611 2789 custodiente
639 2727 735 2807 deque
763 2749 920 2806 caprarum
954 2741 1071 2808 pastore
1106 2753 1174 2792 eum
1205 2735 1267 2811 igni
1318 2723 1321 2729 ²

182 2839 388 2920 splendentem
417 2836 608 2896 inveniente:
632 2834 724 2918 juxta
741 2833 826 2895 *hanc
843 2829 965 2894 'nomen
992 2836 1154 2896 formatum
1181 2849 1229 2896 'est
1249 2861 1267 2896 a

183 2945 334 3005 vocabulis
351 2943 499 3004 Hebraicis
511 2941 566 3014 Ez,
578 2961 677 3019 capra,
689 2940 733 2998 vel
742 2937 832 3011 Eiet,
847 2957 930 3014 cane,
942 2948 972 2997 et
982 2939 1107 3020 Kelsplr.
1132 2941 1195 3021 igni
1208 2942 1266 3023 (5)

181 3051 287 3129 Neque
317 3047 420 3110 Graeci
449 3047 482 3104 in
506 3044 695 3124 etymologiis
714 3064 752 3102 ex
778 3063 830 3100 sua
850 3042 953 3120 lingua
967 3043 1136 3125 'formandis
1153 3046 1267 3113 desece-

181 3164 265 3214 runt.
308 3152 392 3211 Dicit
410 3152 532 3210 Tzetzes
547 3147 613 3230 (6),
631 3148 856 3233 Aesculapium,
878 3168 970 3226 quum
990 3151 1091 3223 ἤπιος,
1113 3150 1264 3227 mitigans,

182 3265 359 3321 vocaretur,
392 3259 521 3331 ”ontpr
551 3264 715 3333 tyrannum
757 3249 902 3331 Epidauri
947 3253 1089 3312 coecitate
1130 3275 1265 3339 sanasse²

180 3367 269 3441 juxta
292 3360 366 3418 alios
386 3362 569 3433 ’Ἀσκληπιὸς
587 3344 701 3428 dicitur
721 3363 797 3435 παρὰ
818 3360 851 3415 cd
869 3359 975 3429 ἀσκελῆ
995 3365 1043 3415 καὶ
1065 3360 1137 3430 ἤπια
1154 3368 1267 3435 paldo-

172 3466 402 3486 W

213 3499 324 3567 (s)1bld.
345 3522 367 3561 p.
391 3508 418 3549 14
431 3506 480 3560 sqq.
855 3488 889 3558 (ti
908 3505 976 3550 rius.
993 3505 1036 3547 cu
1052 3506 1089 3550 11:
1100 3522 1119 3552 ι.
1141 3509 1175 3554 n.

214 3595 248 3652 (5)
266 3595 317 3636 Jon.
332 3593 413 3634 ΗΜ.
427 3592 534 3634 Maisan.
544 3642 547 3647 Ι
556 3593 681 3634 comment.
695 3584 820 3640 iri-suajus.
834 3584 944 3639 Hippocr.
959 3600 982 3641 p.
996 3587 1033 3631 38.

213 3678 247 3731 (6)
264 3674 348 3718 Tarra.
364 3672 424 3715 Chil.
449 3671 478 3714 X.
502 3669 541 3714 tlt
559 3686 592 3727 sq.

1126 3759 1144 3814 9
