<?xml version="1.0" encoding="UTF-8"?>
<!DOCTYPE html PUBLIC "-//W3C//DTD XHTML 1.0 Transitional//EN"
    "http://www.w3.org/TR/xhtml1/DTD/xhtml1-transitional.dtd">
<html xmlns="http://www.w3.org/1999/xhtml" xml:lang="en" lang="en">
 <head>
  <title>
</title>
<meta http-equiv="Content-Type" content="text/html;charset=utf-8" />
  <meta name='ocr-system' content='tesseract 3.04.00' />
  <meta name='ocr-capabilities' content='ocr_page ocr_carea ocr_par ocr_line ocrx_word'/>
</head>
<body>
  <div class='ocr_page' id='page_1' title='image "./dissertatiohist00sijbgoog_0107.png"; bbox 0 0 2754 4710; ppageno 0'>
   <div class='ocr_carea' id='block_1_1' title="bbox 670 401 872 461">
    <p class='ocr_par' dir='ltr' id='par_1_1' title="bbox 670 401 872 461">
     <span class='ocr_line' id='line_1_1' title="bbox 670 401 872 461; baseline 0 -17"><span class='ocrx_word' id='word_1_1' title='bbox 670 401 872 461; x_wconf 74' lang='lat'><strong>..90..</strong></span> 
     </span>
    </p>
   </div>
   <div class='ocr_carea' id='block_1_2' title="bbox 221 559 1318 1585">
    <p class='ocr_par' dir='ltr' id='par_1_2' title="bbox 221 559 1318 1585">
     <span class='ocr_line' id='line_1_2' title="bbox 223 559 1318 642; baseline 0 -21"><span class='ocrx_word' id='word_1_2' title='bbox 223 562 369 621; x_wconf 84' lang='lat' dir='ltr'><strong>conficere</strong></span> <span class='ocrx_word' id='word_1_3' title='bbox 398 559 562 640; x_wconf 84' lang='lat' dir='ltr'><strong>possinms,</strong></span> <span class='ocrx_word' id='word_1_4' title='bbox 590 562 727 640; x_wconf 88' lang='lat' dir='ltr'><strong>morbum</strong></span> <span class='ocrx_word' id='word_1_5' title='bbox 754 561 911 642; x_wconf 81' lang='lat' dir='ltr'><strong>quemdam</strong></span> <span class='ocrx_word' id='word_1_6' title='bbox 941 559 1117 640; x_wconf 86' lang='lat' dir='ltr'><strong>genitalium</strong></span> <span class='ocrx_word' id='word_1_7' title='bbox 1138 560 1318 640; x_wconf 84' lang='lat' dir='ltr'><strong>(testiculo-</strong></span> 
     </span>
     <span class='ocr_line' id='line_1_3' title="bbox 222 663 1311 746; baseline 0.001 -21"><span class='ocrx_word' id='word_1_8' title='bbox 222 686 290 725; x_wconf 87' lang='lat' dir='ltr'><strong>rum</strong></span> <span class='ocrx_word' id='word_1_9' title='bbox 317 663 526 744; x_wconf 66' lang='lat' dir='ltr'><strong>atrophia‘mi’)</strong></span> <span class='ocrx_word' id='word_1_10' title='bbox 552 667 752 745; x_wconf 90' lang='lat' dir='ltr'><strong>epidemicum</strong></span> <span class='ocrx_word' id='word_1_11' title='bbox 782 668 832 726; x_wconf 90' lang='lat' dir='ltr'><strong>vel</strong></span> <span class='ocrx_word' id='word_1_12' title='bbox 869 665 1056 726; x_wconf 88' lang='lat' dir='ltr'><strong>endemicum</strong></span> <span class='ocrx_word' id='word_1_13' title='bbox 1094 665 1208 742; x_wconf 84' lang='lat' dir='ltr'><strong>fuisse,</strong></span> <span class='ocrx_word' id='word_1_14' title='bbox 1246 688 1311 746; x_wconf 91' lang='lat' dir='ltr'><strong>quo</strong></span> 
     </span>
     <span class='ocr_line' id='line_1_4' title="bbox 222 769 1310 849; baseline 0.002 -22"><span class='ocrx_word' id='word_1_15' title='bbox 222 769 406 848; x_wconf 84' lang='lat' dir='ltr'><strong>generationi</strong></span> <span class='ocrx_word' id='word_1_16' title='bbox 432 779 529 830; x_wconf 84' lang='lat' dir='ltr'><strong>esseut</strong></span> <span class='ocrx_word' id='word_1_17' title='bbox 554 770 703 849; x_wconf 90' lang='lat' dir='ltr'><strong>impares:</strong></span> <span class='ocrx_word' id='word_1_18' title='bbox 736 789 796 848; x_wconf 88' lang='lat' dir='ltr'><strong>quo</strong></span> <span class='ocrx_word' id='word_1_19' title='bbox 822 770 924 828; x_wconf 89' lang='lat' dir='ltr'><strong>morbo</strong></span> <span class='ocrx_word' id='word_1_20' title='bbox 953 779 1122 848; x_wconf 84' lang='lat' dir='ltr'><strong>correptos,</strong></span> <span class='ocrx_word' id='word_1_21' title='bbox 1142 781 1177 828; x_wconf 89' lang='lat' dir='ltr'><strong>ut</strong></span> <span class='ocrx_word' id='word_1_22' title='bbox 1195 770 1253 829; x_wconf 85' lang='lat' dir='ltr'>sibi</span> <span class='ocrx_word' id='word_1_23' title='bbox 1272 791 1310 830; x_wconf 83' lang='lat' dir='ltr'><strong>ex</strong></span> 
     </span>
     <span class='ocr_line' id='line_1_5' title="bbox 222 873 1311 955; baseline 0.005 -25"><span class='ocrx_word' id='word_1_24' title='bbox 222 873 393 952; x_wconf 83' lang='lat' dir='ltr'><strong>aequalium</strong></span> <span class='ocrx_word' id='word_1_25' title='bbox 420 873 631 952; x_wconf 79' lang='lat' dir='ltr'><strong>superstitione</strong></span> <span class='ocrx_word' id='word_1_26' title='bbox 658 873 785 934; x_wconf 83' lang='lat' dir='ltr'><strong>honores</strong></span> <span class='ocrx_word' id='word_1_27' title='bbox 812 885 975 954; x_wconf 88' lang='lat' dir='ltr'><strong>pararent,</strong></span> <span class='ocrx_word' id='word_1_28' title='bbox 1000 875 1129 955; x_wconf 87' lang='lat' dir='ltr'><strong>speciem</strong></span> <span class='ocrx_word' id='word_1_29' title='bbox 1149 876 1311 935; x_wconf 88' lang='lat' dir='ltr'><strong>maniaco-</strong></span> 
     </span>
     <span class='ocr_line' id='line_1_6' title="bbox 222 979 1310 1060; baseline 0.005 -22"><span class='ocrx_word' id='word_1_30' title='bbox 222 1001 309 1054; x_wconf 86' lang='lat' dir='ltr'><strong>rmn,</strong></span> <span class='ocrx_word' id='word_1_31' title='bbox 341 980 504 1038; x_wconf 86' lang='lat' dir='ltr'><strong>mulierum</strong></span> <span class='ocrx_word' id='word_1_32' title='bbox 532 979 667 1038; x_wconf 88' lang='lat' dir='ltr'><strong>habitum</strong></span> <span class='ocrx_word' id='word_1_33' title='bbox 702 979 874 1053; x_wconf 79' lang='lat' dir='ltr'><strong>imitantes,</strong></span> <span class='ocrx_word' id='word_1_34' title='bbox 912 999 984 1057; x_wconf 90' lang='lat' dir='ltr'><strong>prae</strong></span> <span class='ocrx_word' id='word_1_35' title='bbox 1011 999 1041 1038; x_wconf 87' lang='lat' dir='ltr'><strong>se</strong></span> <span class='ocrx_word' id='word_1_36' title='bbox 1081 979 1187 1039; x_wconf 90' lang='lat' dir='ltr'><strong>tulisse</strong></span> <span class='ocrx_word' id='word_1_37' title='bbox 1225 979 1310 1060; x_wconf 71' lang='lat'>(35).</span> 
     </span>
     <span class='ocr_line' id='line_1_7' title="bbox 222 1083 1312 1164; baseline -0.003 -18"><span class='ocrx_word' id='word_1_38' title='bbox 222 1087 329 1146; x_wconf 82' lang='lat' dir='ltr'><strong>Nostro</strong></span> <span class='ocrx_word' id='word_1_39' title='bbox 360 1096 460 1145; x_wconf 90' lang='lat' dir='ltr'><strong>autem</strong></span> <span class='ocrx_word' id='word_1_40' title='bbox 486 1106 575 1164; x_wconf 88' lang='lat' dir='ltr'><strong>scopo</strong></span> <span class='ocrx_word' id='word_1_41' title='bbox 604 1084 748 1144; x_wconf 87' lang='lat' dir='ltr'><strong>indicasse</strong></span> <span class='ocrx_word' id='word_1_42' title='bbox 767 1083 915 1157; x_wconf 82' lang='lat' dir='ltr'><strong>sufficiat,</strong></span> <span class='ocrx_word' id='word_1_43' title='bbox 940 1083 978 1141; x_wconf 91' lang='lat' dir='ltr'><strong>ad</strong></span> <span class='ocrx_word' id='word_1_44' title='bbox 995 1092 1162 1162; x_wconf 83' lang='lat' dir='ltr'><strong>symptoma</strong></span> <span class='ocrx_word' id='word_1_45' title='bbox 1181 1084 1312 1144; x_wconf 85' lang='lat' dir='ltr'><strong>essenti·</strong></span> 
     </span>
     <span class='ocr_line' id='line_1_8' title="bbox 221 1188 1312 1269; baseline -0.002 -19"><span class='ocrx_word' id='word_1_46' title='bbox 221 1192 281 1250; x_wconf 85' lang='lat' dir='ltr'><strong>alia</strong></span> <span class='ocrx_word' id='word_1_47' title='bbox 300 1192 351 1268; x_wconf 90' lang='lat' dir='ltr'><strong>huj</strong></span> <span class='ocrx_word' id='word_1_48' title='bbox 357 1213 390 1250; x_wconf 90' lang='lat' dir='ltr'><strong>us</strong></span> <span class='ocrx_word' id='word_1_49' title='bbox 411 1190 553 1248; x_wconf 82' lang='lat' dir='ltr'><strong>foeminei</strong></span> <span class='ocrx_word' id='word_1_50' title='bbox 573 1188 671 1247; x_wconf 88' lang='lat' dir='ltr'><strong>morbi</strong></span> <span class='ocrx_word' id='word_1_51' title='bbox 683 1188 879 1269; x_wconf 86' lang='lat' dir='ltr'><strong>pertinuisse,</strong></span> <span class='ocrx_word' id='word_1_52' title='bbox 893 1207 943 1246; x_wconf 92' lang='lat' dir='ltr'><strong>eos</strong></span> <span class='ocrx_word' id='word_1_53' title='bbox 954 1191 1103 1261; x_wconf 81' lang='lat' dir='ltr'><strong>eviratos,</strong></span> <span class='ocrx_word' id='word_1_54' title='bbox 1118 1191 1312 1269; x_wconf 74' lang='grc' dir='ltr'><strong>ἀνανδριεις,</strong></span> 
     </span>
     <span class='ocr_line' id='line_1_9' title="bbox 223 1294 1308 1378; baseline 0.001 -23"><span class='ocrx_word' id='word_1_55' title='bbox 223 1297 317 1355; x_wconf 86' lang='lat' dir='ltr'><strong>coitni</strong></span> <span class='ocrx_word' id='word_1_56' title='bbox 334 1297 463 1374; x_wconf 90' lang='lat' dir='ltr'><strong>impares</strong></span> <span class='ocrx_word' id='word_1_57' title='bbox 481 1294 575 1353; x_wconf 84' lang='lat' dir='ltr'><strong>factos</strong></span> <span class='ocrx_word' id='word_1_58' title='bbox 593 1306 654 1354; x_wconf 88' lang='lat' dir='ltr'><strong>esse</strong></span> <span class='ocrx_word' id='word_1_59' title='bbox 660 1316 668 1370; x_wconf 89' lang='lat'>;</span> <span class='ocrx_word' id='word_1_60' title='bbox 693 1295 766 1354; x_wconf 91' lang='lat' dir='ltr'><strong>adeo</strong></span> <span class='ocrx_word' id='word_1_61' title='bbox 782 1303 817 1354; x_wconf 90' lang='lat' dir='ltr'><strong>nt</strong></span> <span class='ocrx_word' id='word_1_62' title='bbox 835 1297 899 1353; x_wconf 90' lang='lat' dir='ltr'><strong>Dea</strong></span> <span class='ocrx_word' id='word_1_63' title='bbox 915 1295 1025 1354; x_wconf 90' lang='lat' dir='ltr'><strong>amoris</strong></span> <span class='ocrx_word' id='word_1_64' title='bbox 1045 1316 1112 1370; x_wconf 87' lang='lat' dir='ltr'><strong>eos,</strong></span> <span class='ocrx_word' id='word_1_65' title='bbox 1135 1299 1188 1376; x_wconf 90' lang='lat' dir='ltr'><strong>qui</strong></span> <span class='ocrx_word' id='word_1_66' title='bbox 1208 1298 1308 1378; x_wconf 80' lang='lat' dir='ltr'><strong>ipsam</strong></span> 
     </span>
     <span class='ocr_line' id='line_1_10' title="bbox 221 1399 1309 1479; baseline 0.003 -21"><span class='ocrx_word' id='word_1_67' title='bbox 221 1401 403 1459; x_wconf 87' lang='lat' dir='ltr'><strong>contumelia</strong></span> <span class='ocrx_word' id='word_1_68' title='bbox 435 1399 609 1474; x_wconf 87' lang='lat' dir='ltr'><strong>affecerant,</strong></span> <span class='ocrx_word' id='word_1_69' title='bbox 639 1400 742 1459; x_wconf 87' lang='lat' dir='ltr'><strong>morbo</strong></span> <span class='ocrx_word' id='word_1_70' title='bbox 775 1401 903 1479; x_wconf 85' lang='lat' dir='ltr'><strong>quodem</strong></span> <span class='ocrx_word' id='word_1_71' title='bbox 937 1401 1069 1479; x_wconf 86' lang='lat' dir='ltr'><strong>puniisse</strong></span> <span class='ocrx_word' id='word_1_72' title='bbox 1108 1403 1309 1479; x_wconf 80' lang='lat' dir='ltr'><strong>crederetur,</strong></span> 
     </span>
     <span class='ocr_line' id='line_1_11' title="bbox 222 1504 1035 1585; baseline 0.004 -22"><span class='ocrx_word' id='word_1_73' title='bbox 222 1527 281 1584; x_wconf 91' lang='lat' dir='ltr'><strong>qno</strong></span> <span class='ocrx_word' id='word_1_74' title='bbox 300 1505 465 1564; x_wconf 83' lang='lat' dir='ltr'><strong>certissime</strong></span> <span class='ocrx_word' id='word_1_75' title='bbox 485 1504 652 1584; x_wconf 84' lang='lat' dir='ltr'><strong>voluptatis</strong></span> <span class='ocrx_word' id='word_1_76' title='bbox 666 1526 768 1566; x_wconf 88' lang='lat' dir='ltr'><strong>sensus</strong></span> <span class='ocrx_word' id='word_1_77' title='bbox 785 1506 1035 1585; x_wconf 83' lang='lat' dir='ltr'><strong>exstinguebatur.</strong></span> 
     </span>
    </p>
   </div>
   <div class='ocr_carea' id='block_1_3' title="bbox 734 1688 798 1788">
    <p class='ocr_par' dir='ltr' id='par_1_3' title="bbox 734 1688 798 1788">
     <span class='ocr_line' id='line_1_12' title="bbox 734 1688 798 1788; baseline 0.016 -18"><span class='ocrx_word' id='word_1_78' title='bbox 734 1688 798 1788; x_wconf 70' lang='lat' dir='ltr'><strong>si.</strong></span> 
     </span>
    </p>
   </div>
   <div class='ocr_carea' id='block_1_4' title="bbox 218 1916 1306 2317">
    <p class='ocr_par' dir='ltr' id='par_1_4' title="bbox 218 1916 1306 2317">
     <span class='ocr_line' id='line_1_13' title="bbox 218 1916 1306 2001; baseline 0.002 -21"><span class='ocrx_word' id='word_1_79' title='bbox 218 1977 221 1980; x_wconf 87' lang='lat'><strong>.</strong></span> <span class='ocrx_word' id='word_1_80' title='bbox 265 1922 462 2001; x_wconf 76' lang='lat' dir='ltr'><strong>caeteroquin</strong></span> <span class='ocrx_word' id='word_1_81' title='bbox 488 1929 519 1979; x_wconf 89' lang='lat' dir='ltr'><strong>et</strong></span> <span class='ocrx_word' id='word_1_82' title='bbox 548 1941 587 1980; x_wconf 84' lang='lat' dir='ltr'><strong>ex</strong></span> <span class='ocrx_word' id='word_1_83' title='bbox 612 1916 680 1980; x_wconf 87' lang='lat' dir='ltr'><strong>aliis</strong></span> <span class='ocrx_word' id='word_1_84' title='bbox 699 1919 773 1978; x_wconf 87' lang='lat' dir='ltr'><strong>locis</strong></span> <span class='ocrx_word' id='word_1_85' title='bbox 792 1930 889 1999; x_wconf 90' lang='lat' dir='ltr'><strong>patet,</strong></span> <span class='ocrx_word' id='word_1_86' title='bbox 908 1931 1023 1981; x_wconf 86' lang='lat' dir='ltr'><strong>veteres</strong></span> <span class='ocrx_word' id='word_1_87' title='bbox 1039 1921 1173 2001; x_wconf 88' lang='lat' dir='ltr'><strong>partium</strong></span> <span class='ocrx_word' id='word_1_88' title='bbox 1193 1921 1306 2001; x_wconf 84' lang='lat' dir='ltr'><strong>genita·</strong></span> 
     </span>
     <span class='ocr_line' id='line_1_14' title="bbox 221 2023 1300 2106; baseline 0.001 -22"><span class='ocrx_word' id='word_1_89' title='bbox 221 2027 295 2085; x_wconf 92' lang='lat' dir='ltr'><strong>lium</strong></span> <span class='ocrx_word' id='word_1_90' title='bbox 323 2027 508 2101; x_wconf 86' lang='lat' dir='ltr'><strong>affectiones,</strong></span> <span class='ocrx_word' id='word_1_91' title='bbox 541 2047 618 2106; x_wconf 88' lang='lat' dir='ltr'><strong>quae</strong></span> <span class='ocrx_word' id='word_1_92' title='bbox 640 2026 733 2086; x_wconf 89' lang='lat' dir='ltr'><strong>etiam</strong></span> <span class='ocrx_word' id='word_1_93' title='bbox 764 2025 844 2104; x_wconf 90' lang='lat' dir='ltr'><strong>apud</strong></span> <span class='ocrx_word' id='word_1_94' title='bbox 870 2024 950 2104; x_wconf 88' lang='lat' dir='ltr'><strong>ipsos</strong></span> <span class='ocrx_word' id='word_1_95' title='bbox 974 2025 1122 2085; x_wconf 81' lang='lat' dir='ltr'><strong>exstitisse</strong></span> <span class='ocrx_word' id='word_1_96' title='bbox 1142 2023 1300 2098; x_wconf 78' lang='lat' dir='ltr'><strong>ridentur,</strong></span> 
     </span>
     <span class='ocr_line' id='line_1_15' title="bbox 221 2127 1306 2211; baseline -0.002 -22"><span class='ocrx_word' id='word_1_97' title='bbox 221 2151 408 2211; x_wconf 89' lang='lat' dir='ltr'><strong>quarumque</strong></span> <span class='ocrx_word' id='word_1_98' title='bbox 431 2150 469 2190; x_wconf 79' lang='lat' dir='ltr'><strong>er</strong></span> <span class='ocrx_word' id='word_1_99' title='bbox 490 2130 573 2191; x_wconf 89' lang='lat' dir='ltr'><strong>coitu</strong></span> <span class='ocrx_word' id='word_1_100' title='bbox 592 2132 714 2209; x_wconf 89' lang='lat' dir='ltr'><strong>impuro</strong></span> <span class='ocrx_word' id='word_1_101' title='bbox 727 2129 872 2208; x_wconf 83' lang='lat' dir='ltr'><strong>originem</strong></span> <span class='ocrx_word' id='word_1_102' title='bbox 898 2147 959 2186; x_wconf 89' lang='lat' dir='ltr'><strong>uon</strong></span> <span class='ocrx_word' id='word_1_103' title='bbox 987 2127 1225 2208; x_wconf 88' lang='lat' dir='ltr'><strong>perspiciebant,</strong></span> <span class='ocrx_word' id='word_1_104' title='bbox 1243 2129 1306 2189; x_wconf 92' lang='lat' dir='ltr'><strong>Diis</strong></span> 
     </span>
     <span class='ocr_line' id='line_1_16' title="bbox 219 2233 1304 2317; baseline 0.001 -24"><span class='ocrx_word' id='word_1_105' title='bbox 219 2236 418 2317; x_wconf 75' lang='lat' dir='ltr'><strong>adscripsisse,</strong></span> <span class='ocrx_word' id='word_1_106' title='bbox 433 2235 549 2295; x_wconf 83' lang='lat' dir='ltr'><strong>simodo</strong></span> <span class='ocrx_word' id='word_1_107' title='bbox 564 2256 697 2296; x_wconf 83' lang='lat' dir='ltr'><strong>caussam</strong></span> <span class='ocrx_word' id='word_1_108' title='bbox 716 2234 923 2309; x_wconf 88' lang='lat' dir='ltr'><strong>sufficientem,</strong></span> <span class='ocrx_word' id='word_1_109' title='bbox 934 2253 995 2311; x_wconf 86' lang='lat' dir='ltr'><strong>qua</strong></span> <span class='ocrx_word' id='word_1_110' title='bbox 1008 2235 1146 2294; x_wconf 87' lang='lat' dir='ltr'><strong>Deorum</strong></span> <span class='ocrx_word' id='word_1_111' title='bbox 1164 2233 1212 2291; x_wconf 91' lang='lat' dir='ltr'><strong>ira</strong></span> <span class='ocrx_word' id='word_1_112' title='bbox 1230 2241 1304 2294; x_wconf 85' lang='lat' dir='ltr'><strong>esset</strong></span> 
     </span>
    </p>
   </div>
   <div class='ocr_carea' id='block_1_5' title="bbox 219 2428 1312 3963">
    <p class='ocr_par' dir='ltr' id='par_1_5' title="bbox 219 2428 1312 3963">
     <span class='ocr_line' id='line_1_17' title="bbox 251 2428 1305 2486; baseline 0.006 -15"><span class='ocrx_word' id='word_1_113' title='bbox 251 2429 300 2484; x_wconf 80' lang='lat'>(35)</span> <span class='ocrx_word' id='word_1_114' title='bbox 315 2431 361 2475; x_wconf 78' lang='lat' dir='ltr'><strong>Vel</strong></span> <span class='ocrx_word' id='word_1_115' title='bbox 375 2431 450 2486; x_wconf 88' lang='lat' dir='ltr'><strong>ipsum</strong></span> <span class='ocrx_word' id='word_1_116' title='bbox 464 2431 570 2472; x_wconf 85' lang='lat' dir='ltr'><strong>morbum</strong></span> <span class='ocrx_word' id='word_1_117' title='bbox 582 2431 747 2473; x_wconf 86' lang='lat' dir='ltr'><strong>concomitatur</strong></span> <span class='ocrx_word' id='word_1_118' title='bbox 760 2429 842 2472; x_wconf 86' lang='lat' dir='ltr'><strong>mentis</strong></span> <span class='ocrx_word' id='word_1_119' title='bbox 861 2428 976 2472; x_wconf 84' lang='lat' dir='ltr'><strong>alienatio.</strong></span> <span class='ocrx_word' id='word_1_120' title='bbox 993 2429 1078 2472; x_wconf 84' lang='lat' dir='ltr'><strong>Saltem</strong></span> <span class='ocrx_word' id='word_1_121' title='bbox 1097 2431 1158 2474; x_wconf 87' lang='lat' dir='ltr'><strong>Clar.</strong></span> <span class='ocrx_word' id='word_1_122' title='bbox 1173 2431 1305 2477; x_wconf 68' lang='lat' dir='ltr'><strong>&amp;aarum</strong></span> 
     </span>
     <span class='ocr_line' id='line_1_18' title="bbox 230 2512 1302 2568; baseline 0.003 -13"><span class='ocrx_word' id='word_1_123' title='bbox 230 2514 379 2568; x_wconf 77' lang='lat' dir='ltr'><strong>(Aligemeiue</strong></span> <span class='ocrx_word' id='word_1_124' title='bbox 399 2514 446 2555; x_wconf 89' lang='lat' dir='ltr'><strong>und</strong></span> <span class='ocrx_word' id='word_1_125' title='bbox 462 2513 566 2568; x_wconf 87' lang='lat' dir='ltr'><strong>specielle</strong></span> <span class='ocrx_word' id='word_1_126' title='bbox 586 2513 726 2568; x_wconf 82' lang='lat' dir='ltr'><strong>Pathologie.</strong></span> <span class='ocrx_word' id='word_1_127' title='bbox 747 2513 884 2566; x_wconf 77' lang='lat' dir='ltr'><strong>Herausgeg.</strong></span> <span class='ocrx_word' id='word_1_128' title='bbox 905 2525 950 2552; x_wconf 84' lang='lat' dir='ltr'><strong>von</strong></span> <span class='ocrx_word' id='word_1_129' title='bbox 979 2512 1066 2567; x_wconf 79' lang='lat' dir='ltr'><strong>einigeu</strong></span> <span class='ocrx_word' id='word_1_130' title='bbox 1086 2513 1159 2554; x_wconf 67' lang='lat' dir='ltr'><strong>sciuer</strong></span> <span class='ocrx_word' id='word_1_131' title='bbox 1182 2513 1302 2564; x_wconf 79' lang='lat' dir='ltr'><strong>Zuhtirer.</strong></span> 
     </span>
     <span class='ocr_line' id='line_1_19' title="bbox 222 2592 1306 2649; baseline 0.004 -13"><span class='ocrx_word' id='word_1_132' title='bbox 222 2600 260 2638; x_wconf 75' lang='lat' dir='ltr'><strong>ite</strong></span> <span class='ocrx_word' id='word_1_133' title='bbox 281 2595 428 2649; x_wconf 84' lang='lat' dir='ltr'><strong>Autlage,1.</strong></span> <span class='ocrx_word' id='word_1_134' title='bbox 452 2594 497 2635; x_wconf 82' lang='lat' dir='ltr'><strong>Th.</strong></span> <span class='ocrx_word' id='word_1_135' title='bbox 521 2592 557 2635; x_wconf 80' lang='lat' dir='ltr'><strong>St.</strong></span> <span class='ocrx_word' id='word_1_136' title='bbox 584 2594 680 2636; x_wconf 85' lang='lat' dir='ltr'><strong>Gallen.</strong></span> <span class='ocrx_word' id='word_1_137' title='bbox 699 2593 763 2635; x_wconf 79' lang='lat'><strong>1839.</strong></span> <span class='ocrx_word' id='word_1_138' title='bbox 779 2592 803 2647; x_wconf 87' lang='lat' dir='ltr'><strong>p</strong></span> <span class='ocrx_word' id='word_1_139' title='bbox 819 2592 856 2635; x_wconf 81' lang='lat'><strong>98.</strong></span> <span class='ocrx_word' id='word_1_140' title='bbox 871 2597 930 2648; x_wconf 87' lang='lat' dir='ltr'><strong>sqq.)</strong></span> <span class='ocrx_word' id='word_1_141' title='bbox 946 2592 973 2633; x_wconf 90' lang='lat' dir='ltr'><strong>de</strong></span> <span class='ocrx_word' id='word_1_142' title='bbox 987 2595 1145 2646; x_wconf 87' lang='lat' dir='ltr'><strong>morbo,quern</strong></span> <span class='ocrx_word' id='word_1_143' title='bbox 1161 2603 1230 2638; x_wconf 83' lang='lat' dir='ltr'><strong>vocat</strong></span> <span class='ocrx_word' id='word_1_144' title='bbox 1244 2605 1306 2640; x_wconf 88' lang='lat' dir='ltr'><strong>atro-</strong></span> 
     </span>
     <span class='ocr_line' id='line_1_20' title="bbox 221 2673 1307 2729; baseline 0.006 -15"><span class='ocrx_word' id='word_1_145' title='bbox 221 2673 298 2729; x_wconf 89' lang='lat' dir='ltr'><strong>phiam</strong></span> <span class='ocrx_word' id='word_1_146' title='bbox 318 2674 437 2728; x_wconf 82' lang='lat' dir='ltr'><strong>genitalem</strong></span> <span class='ocrx_word' id='word_1_147' title='bbox 458 2674 564 2723; x_wconf 76' lang='lat' dir='ltr'><strong>virilem,</strong></span> <span class='ocrx_word' id='word_1_148' title='bbox 585 2674 653 2714; x_wconf 86' lang='lat' dir='ltr'><strong>dicit:</strong></span> <span class='ocrx_word' id='word_1_149' title='bbox 678 2675 778 2716; x_wconf 81' lang='lat' dir='ltr'><strong>quder</strong></span> <span class='ocrx_word' id='word_1_150' title='bbox 798 2673 833 2714; x_wconf 89' lang='lat' dir='ltr'><strong>die</strong></span> <span class='ocrx_word' id='word_1_151' title='bbox 847 2674 974 2716; x_wconf 74' lang='lat' dir='ltr'><strong>mannliche</strong></span> <span class='ocrx_word' id='word_1_152' title='bbox 988 2675 1096 2724; x_wconf 82' lang='lat' dir='ltr'><strong>stimme,</strong></span> <span class='ocrx_word' id='word_1_153' title='bbox 1112 2676 1169 2716; x_wconf 87' lang='lat' dir='ltr'><strong>noch</strong></span> <span class='ocrx_word' id='word_1_154' title='bbox 1184 2678 1222 2720; x_wconf 88' lang='lat' dir='ltr'><strong>die</strong></span> <span class='ocrx_word' id='word_1_155' title='bbox 1239 2680 1307 2720; x_wconf 87' lang='lat' dir='ltr'><strong>Bart-</strong></span> 
     </span>
     <span class='ocr_line' id='line_1_21' title="bbox 220 2756 1305 2815; baseline 0.005 -18"><span class='ocrx_word' id='word_1_156' title='bbox 220 2757 304 2805; x_wconf 86' lang='lat' dir='ltr'><strong>haare,</strong></span> <span class='ocrx_word' id='word_1_157' title='bbox 325 2756 382 2798; x_wconf 87' lang='lat' dir='ltr'><strong>noch</strong></span> <span class='ocrx_word' id='word_1_158' title='bbox 403 2756 444 2798; x_wconf 87' lang='lat' dir='ltr'><strong>der</strong></span> <span class='ocrx_word' id='word_1_159' title='bbox 464 2757 558 2799; x_wconf 81' lang='lat' dir='ltr'><strong>Thorax</strong></span> <span class='ocrx_word' id='word_1_160' title='bbox 579 2757 650 2798; x_wconf 90' lang='lat' dir='ltr'><strong>bildet</strong></span> <span class='ocrx_word' id='word_1_161' title='bbox 669 2756 717 2799; x_wconf 92' lang='lat' dir='ltr'><strong>sich</strong></span> <span class='ocrx_word' id='word_1_162' title='bbox 738 2771 794 2805; x_wconf 88' lang='lat' dir='ltr'><strong>aus,</strong></span> <span class='ocrx_word' id='word_1_163' title='bbox 817 2757 873 2798; x_wconf 85' lang='lat' dir='ltr'><strong>noch</strong></span> <span class='ocrx_word' id='word_1_164' title='bbox 895 2757 931 2799; x_wconf 88' lang='lat' dir='ltr'><strong>dis</strong></span> <span class='ocrx_word' id='word_1_165' title='bbox 952 2758 1036 2800; x_wconf 80' lang='lat' dir='ltr'><strong>lu&#39;iheru</strong></span> <span class='ocrx_word' id='word_1_166' title='bbox 1050 2758 1305 2815; x_wconf 80' lang='lat' dir='ltr'><strong>Geistesthiitiglreiteu:</strong></span> 
     </span>
     <span class='ocr_line' id='line_1_22' title="bbox 221 2837 1309 2896; baseline 0.001 -17"><span class='ocrx_word' id='word_1_167' title='bbox 221 2837 332 2880; x_wconf 83' lang='lat' dir='ltr'><strong>vielmalrr</strong></span> <span class='ocrx_word' id='word_1_168' title='bbox 353 2837 523 2880; x_wconf 87' lang='lat' dir='ltr'><strong>verschwiuden</strong></span> <span class='ocrx_word' id='word_1_169' title='bbox 543 2837 602 2879; x_wconf 86' lang='lat' dir='ltr'><strong>diese</strong></span> <span class='ocrx_word' id='word_1_170' title='bbox 622 2837 718 2887; x_wconf 88' lang='lat' dir='ltr'><strong>wieder,</strong></span> <span class='ocrx_word' id='word_1_171' title='bbox 735 2852 799 2879; x_wconf 86' lang='lat' dir='ltr'><strong>wenu</strong></span> <span class='ocrx_word' id='word_1_172' title='bbox 813 2839 845 2880; x_wconf 88' lang='lat' dir='ltr'><strong>sie</strong></span> <span class='ocrx_word' id='word_1_173' title='bbox 858 2838 906 2880; x_wconf 89' lang='lat' dir='ltr'><strong>sich</strong></span> <span class='ocrx_word' id='word_1_174' title='bbox 920 2839 988 2880; x_wconf 87' lang='lat' dir='ltr'><strong>sehon</strong></span> <span class='ocrx_word' id='word_1_175' title='bbox 1002 2839 1085 2894; x_wconf 77' lang='lat' dir='ltr'><strong>gezetgt</strong></span> <span class='ocrx_word' id='word_1_176' title='bbox 1099 2839 1198 2882; x_wconf 81' lang='lat' dir='ltr'><strong>habeu.¹&#39;</strong></span> <span class='ocrx_word' id='word_1_177' title='bbox 1231 2842 1309 2896; x_wconf 85' lang='lat' dir='ltr'><strong>Hujus</strong></span> 
     </span>
     <span class='ocr_line' id='line_1_23' title="bbox 221 2918 1310 2987; baseline 0.004 -27"><span class='ocrx_word' id='word_1_178' title='bbox 221 2918 295 2960; x_wconf 88' lang='lat' dir='ltr'><strong>morbi</strong></span> <span class='ocrx_word' id='word_1_179' title='bbox 317 2919 416 2974; x_wconf 87' lang='lat' dir='ltr'><strong>priorem</strong></span> <span class='ocrx_word' id='word_1_180' title='bbox 437 2919 534 2987; x_wconf 85' lang='lat' dir='ltr'><strong>speciem</strong></span> <span class='ocrx_word' id='word_1_181' title='bbox 555 2925 622 2960; x_wconf 85' lang='lat' dir='ltr'><strong>vocat</strong></span> <span class='ocrx_word' id='word_1_182' title='bbox 641 2919 768 2974; x_wconf 85' lang='lat' dir='ltr'><strong>atrophiam</strong></span> <span class='ocrx_word' id='word_1_183' title='bbox 790 2920 916 2974; x_wconf 85' lang='lat' dir='ltr'><strong>leprosam,</strong></span> <span class='ocrx_word' id='word_1_184' title='bbox 939 2919 992 2972; x_wconf 90' lang='lat' dir='ltr'><strong>quia</strong></span> <span class='ocrx_word' id='word_1_185' title='bbox 1012 2920 1036 2960; x_wconf 89' lang='lat' dir='ltr'><strong>iu</strong></span> <span class='ocrx_word' id='word_1_186' title='bbox 1050 2933 1076 2960; x_wconf 87' lang='lat' dir='ltr'><strong>ea</strong></span> <span class='ocrx_word' id='word_1_187' title='bbox 1089 2919 1175 2974; x_wconf 76' lang='lat' dir='ltr'><strong>magnis</strong></span> <span class='ocrx_word' id='word_1_188' title='bbox 1190 2921 1310 2964; x_wconf 84' lang='lat' dir='ltr'><strong>ulceribus</strong></span> 
     </span>
     <span class='ocr_line' id='line_1_24' title="bbox 220 3001 1312 3058; baseline 0.002 -14"><span class='ocrx_word' id='word_1_189' title='bbox 220 3003 331 3058; x_wconf 87' lang='lat' dir='ltr'><strong>leprosam</strong></span> <span class='ocrx_word' id='word_1_190' title='bbox 352 3003 450 3043; x_wconf 90' lang='lat' dir='ltr'><strong>indolem</strong></span> <span class='ocrx_word' id='word_1_191' title='bbox 472 3003 623 3044; x_wconf 81' lang='lat' dir='ltr'><strong>referentibus</strong></span> <span class='ocrx_word' id='word_1_192' title='bbox 646 3017 713 3044; x_wconf 91' lang='lat' dir='ltr'><strong>crura</strong></span> <span class='ocrx_word' id='word_1_193' title='bbox 735 3008 789 3043; x_wconf 87' lang='lat' dir='ltr'><strong>suut</strong></span> <span class='ocrx_word' id='word_1_194' title='bbox 811 3008 878 3043; x_wconf 85' lang='lat' dir='ltr'><strong>tecta.</strong></span> <span class='ocrx_word' id='word_1_195' title='bbox 917 3001 981 3042; x_wconf 86' lang='lat' dir='ltr'><strong>Cutis</strong></span> <span class='ocrx_word' id='word_1_196' title='bbox 1004 3007 1038 3042; x_wconf 92' lang='lat' dir='ltr'><strong>est</strong></span> <span class='ocrx_word' id='word_1_197' title='bbox 1052 3007 1128 3042; x_wconf 89' lang='lat' dir='ltr'><strong>tenera</strong></span> <span class='ocrx_word' id='word_1_198' title='bbox 1142 3007 1167 3042; x_wconf 86' lang='lat' dir='ltr'><strong>ct</strong></span> <span class='ocrx_word' id='word_1_199' title='bbox 1182 3015 1269 3058; x_wconf 89' lang='lat' dir='ltr'><strong>corpus</strong></span> <span class='ocrx_word' id='word_1_200' title='bbox 1284 3005 1312 3045; x_wconf 90' lang='lat' dir='ltr'><strong>ad</strong></span> 
     </span>
     <span class='ocr_line' id='line_1_25' title="bbox 220 3081 1311 3137; baseline 0.003 -12"><span class='ocrx_word' id='word_1_201' title='bbox 220 3083 354 3126; x_wconf 86' lang='lat' dir='ltr'><strong>muliebrem</strong></span> <span class='ocrx_word' id='word_1_202' title='bbox 375 3084 478 3125; x_wconf 89' lang='lat' dir='ltr'><strong>habitum</strong></span> <span class='ocrx_word' id='word_1_203' title='bbox 499 3084 598 3133; x_wconf 86' lang='lat' dir='ltr'><strong>accedit,</strong></span> <span class='ocrx_word' id='word_1_204' title='bbox 621 3085 688 3126; x_wconf 86' lang='lat' dir='ltr'><strong>etiam</strong></span> <span class='ocrx_word' id='word_1_205' title='bbox 712 3083 770 3136; x_wconf 89' lang='lat' dir='ltr'><strong>quod</strong></span> <span class='ocrx_word' id='word_1_206' title='bbox 792 3083 865 3137; x_wconf 85' lang='lat' dir='ltr'><strong>pelvis</strong></span> <span class='ocrx_word' id='word_1_207' title='bbox 887 3089 910 3122; x_wconf 88' lang='lat' dir='ltr'><strong>et</strong></span> <span class='ocrx_word' id='word_1_208' title='bbox 930 3081 1029 3123; x_wconf 85' lang='lat' dir='ltr'><strong>thoracis</strong></span> <span class='ocrx_word' id='word_1_209' title='bbox 1049 3081 1185 3122; x_wconf 82' lang='lat' dir='ltr'><strong>diametrum</strong></span> <span class='ocrx_word' id='word_1_210' title='bbox 1209 3085 1311 3128; x_wconf 83' lang='lat' dir='ltr'><strong>attinet:</strong></span> 
     </span>
     <span class='ocr_line' id='line_1_26' title="bbox 219 3151 1310 3223; baseline -0.002 -15"><span class='ocrx_word' id='word_1_211' title='bbox 219 3167 274 3208; x_wconf 83' lang='lat' dir='ltr'><strong>haee</strong></span> <span class='ocrx_word' id='word_1_212' title='bbox 294 3167 369 3208; x_wconf 89' lang='lat' dir='ltr'><strong>morbi</strong></span> <span class='ocrx_word' id='word_1_213' title='bbox 390 3166 474 3222; x_wconf 87' lang='lat' dir='ltr'><strong>species</strong></span> <span class='ocrx_word' id='word_1_214' title='bbox 497 3151 604 3219; x_wconf 78' lang='lat' dir='ltr'><strong>frequens</strong></span> <span class='ocrx_word' id='word_1_215' title='bbox 625 3173 658 3208; x_wconf 90' lang='lat' dir='ltr'><strong>est</strong></span> <span class='ocrx_word' id='word_1_216' title='bbox 679 3166 703 3207; x_wconf 90' lang='lat' dir='ltr'><strong>iu</strong></span> <span class='ocrx_word' id='word_1_217' title='bbox 723 3164 779 3206; x_wconf 82' lang='lat' dir='ltr'><strong>Asia</strong></span> <span class='ocrx_word' id='word_1_218' title='bbox 799 3164 970 3219; x_wconf 86' lang='lat' dir='ltr'><strong>septentrionali</strong></span> <span class='ocrx_word' id='word_1_219' title='bbox 990 3170 1013 3205; x_wconf 90' lang='lat' dir='ltr'><strong>et</strong></span> <span class='ocrx_word' id='word_1_220' title='bbox 1033 3164 1094 3218; x_wconf 88' lang='lat' dir='ltr'><strong>apud</strong></span> <span class='ocrx_word' id='word_1_221' title='bbox 1115 3165 1212 3219; x_wconf 88' lang='lat' dir='ltr'><strong>populos</strong></span> <span class='ocrx_word' id='word_1_222' title='bbox 1235 3169 1310 3223; x_wconf 81' lang='lat' dir='ltr'><strong>gentis</strong></span> 
     </span>
     <span class='ocr_line' id='line_1_27' title="bbox 220 3245 1312 3303; baseline 0.002 -14"><span class='ocrx_word' id='word_1_223' title='bbox 220 3248 368 3303; x_wconf 78' lang='lat' dir='ltr'><strong>Mongolicae.</strong></span> <span class='ocrx_word' id='word_1_224' title='bbox 407 3249 514 3290; x_wconf 90' lang='lat' dir='ltr'><strong>Morbum</strong></span> <span class='ocrx_word' id='word_1_225' title='bbox 536 3248 711 3289; x_wconf 87' lang='lat' dir='ltr'><strong>haereditarium</strong></span> <span class='ocrx_word' id='word_1_226' title='bbox 732 3260 777 3287; x_wconf 90' lang='lat' dir='ltr'><strong>non</strong></span> <span class='ocrx_word' id='word_1_227' title='bbox 798 3246 865 3286; x_wconf 85' lang='lat' dir='ltr'><strong>habet</strong></span> <span class='ocrx_word' id='word_1_228' title='bbox 886 3245 922 3287; x_wconf 87' lang='lat' dir='ltr'><strong>vir</strong></span> <span class='ocrx_word' id='word_1_229' title='bbox 937 3246 1007 3287; x_wconf 85' lang='lat' dir='ltr'><strong>clar.:</strong></span> <span class='ocrx_word' id='word_1_230' title='bbox 1023 3259 1094 3298; x_wconf 79' lang='lat' dir='ltr'><strong>neque</strong></span> <span class='ocrx_word' id='word_1_231' title='bbox 1116 3253 1222 3289; x_wconf 66' lang='lat' dir='ltr'><strong>censure</strong></span> <span class='ocrx_word' id='word_1_232' title='bbox 1238 3251 1312 3300; x_wconf 84' lang='lat' dir='ltr'><strong>dicit,</strong></span> 
     </span>
     <span class='ocr_line' id='line_1_28' title="bbox 221 3327 1310 3384; baseline 0.005 -15"><span class='ocrx_word' id='word_1_233' title='bbox 221 3342 249 3369; x_wconf 90' lang='lat' dir='ltr'><strong>an</strong></span> <span class='ocrx_word' id='word_1_234' title='bbox 270 3329 394 3381; x_wconf 89' lang='lat' dir='ltr'><strong>equitatio,</strong></span> <span class='ocrx_word' id='word_1_235' title='bbox 416 3331 453 3370; x_wconf 80' lang='lat' dir='ltr'><strong>vel</strong></span> <span class='ocrx_word' id='word_1_236' title='bbox 475 3343 529 3371; x_wconf 87' lang='lat' dir='ltr'><strong>usus</strong></span> <span class='ocrx_word' id='word_1_237' title='bbox 549 3329 615 3371; x_wconf 89' lang='lat' dir='ltr'><strong>lactis</strong></span> <span class='ocrx_word' id='word_1_238' title='bbox 636 3328 713 3382; x_wconf 90' lang='lat' dir='ltr'><strong>equini</strong></span> <span class='ocrx_word' id='word_1_239' title='bbox 735 3330 765 3370; x_wconf 92' lang='lat' dir='ltr'><strong>sit</strong></span> <span class='ocrx_word' id='word_1_240' title='bbox 785 3327 930 3370; x_wconf 86' lang='lat' dir='ltr'><strong>accusandus.</strong></span> <span class='ocrx_word' id='word_1_241' title='bbox 964 3328 1050 3371; x_wconf 84' lang='lat' dir='ltr'><strong>uWohl</strong></span> <span class='ocrx_word' id='word_1_242' title='bbox 1064 3330 1117 3369; x_wconf 90' lang='lat' dir='ltr'><strong>aber</strong></span> <span class='ocrx_word' id='word_1_243' title='bbox 1131 3329 1189 3384; x_wconf 80' lang='lat' dir='ltr'><strong>zeigt</strong></span> <span class='ocrx_word' id='word_1_244' title='bbox 1203 3330 1256 3372; x_wconf 89' lang='lat' dir='ltr'><strong>sich</strong></span> <span class='ocrx_word' id='word_1_245' title='bbox 1272 3333 1310 3374; x_wconf 87' lang='lat' dir='ltr'><strong>ein</strong></span> 
     </span>
     <span class='ocr_line' id='line_1_29' title="bbox 221 3409 1312 3456; baseline 0.005 -5"><span class='ocrx_word' id='word_1_246' title='bbox 221 3410 347 3451; x_wconf 88' lang='lat' dir='ltr'><strong>deutlicher</strong></span> <span class='ocrx_word' id='word_1_247' title='bbox 361 3410 513 3451; x_wconf 82' lang='lat' dir='ltr'><strong>climatischer</strong></span> <span class='ocrx_word' id='word_1_248' title='bbox 527 3410 574 3451; x_wconf 91' lang='lat' dir='ltr'><strong>und</strong></span> <span class='ocrx_word' id='word_1_249' title='bbox 587 3410 648 3451; x_wconf 82' lang='lat' dir='ltr'><strong>wohl</strong></span> <span class='ocrx_word' id='word_1_250' title='bbox 662 3410 720 3451; x_wconf 86' lang='lat' dir='ltr'><strong>auch</strong></span> <span class='ocrx_word' id='word_1_251' title='bbox 734 3409 791 3452; x_wconf 85' lang='lat' dir='ltr'><strong>noch</strong></span> <span class='ocrx_word' id='word_1_252' title='bbox 805 3409 841 3451; x_wconf 91' lang='lat' dir='ltr'><strong>eiu</strong></span> <span class='ocrx_word' id='word_1_253' title='bbox 856 3410 1057 3452; x_wconf 81' lang='lat' dir='ltr'><strong>Nationaleiutluss</strong></span> <span class='ocrx_word' id='word_1_254' title='bbox 1071 3411 1114 3452; x_wconf 80' lang='lat' dir='ltr'><strong>auf</strong></span> <span class='ocrx_word' id='word_1_255' title='bbox 1132 3411 1191 3453; x_wconf 86' lang='lat' dir='ltr'><strong>diese</strong></span> <span class='ocrx_word' id='word_1_256' title='bbox 1213 3415 1312 3456; x_wconf 79' lang='lat' dir='ltr'><strong>Kraulr-</strong></span> 
     </span>
     <span class='ocr_line' id='line_1_30' title="bbox 223 3491 1310 3548; baseline -0.001 -14"><span class='ocrx_word' id='word_1_257' title='bbox 223 3492 278 3536; x_wconf 79' lang='lat' dir='ltr'><strong>heir.</strong></span> <span class='ocrx_word' id='word_1_258' title='bbox 295 3518 325 3526; x_wconf 82' lang='lat'>-</span> <span class='ocrx_word' id='word_1_259' title='bbox 340 3493 368 3534; x_wconf 87' lang='lat' dir='ltr'><strong>In</strong></span> <span class='ocrx_word' id='word_1_260' title='bbox 382 3491 533 3534; x_wconf 82' lang='lat' dir='ltr'><strong>Vorderasien</strong></span> <span class='ocrx_word' id='word_1_261' title='bbox 555 3492 584 3532; x_wconf 91' lang='lat' dir='ltr'><strong>ist</strong></span> <span class='ocrx_word' id='word_1_262' title='bbox 604 3491 661 3533; x_wconf 91' lang='lat' dir='ltr'><strong>diese</strong></span> <span class='ocrx_word' id='word_1_263' title='bbox 683 3492 813 3534; x_wconf 86' lang='lat' dir='ltr'><strong>Krankheit</strong></span> <span class='ocrx_word' id='word_1_264' title='bbox 833 3492 904 3533; x_wconf 86' lang='lat' dir='ltr'><strong>durch</strong></span> <span class='ocrx_word' id='word_1_265' title='bbox 925 3492 960 3533; x_wconf 88' lang='lat' dir='ltr'><strong>die</strong></span> <span class='ocrx_word' id='word_1_266' title='bbox 982 3492 1108 3536; x_wconf 86' lang='lat' dir='ltr'><strong>Volkssitte</strong></span> <span class='ocrx_word' id='word_1_267' title='bbox 1128 3492 1237 3548; x_wconf 81' lang='lat' dir='ltr'><strong>bedingt,</strong></span> <span class='ocrx_word' id='word_1_268' title='bbox 1261 3497 1310 3538; x_wconf 82' lang='lat' dir='ltr'><strong>sich</strong></span> 
     </span>
     <span class='ocr_line' id='line_1_31' title="bbox 222 3561 1310 3623; baseline 0.005 -7"><span class='ocrx_word' id='word_1_269' title='bbox 222 3576 270 3616; x_wconf 90' lang='lat' dir='ltr'><strong>dem</strong></span> <span class='ocrx_word' id='word_1_270' title='bbox 291 3574 457 3620; x_wconf 87' lang='lat' dir='ltr'><strong>Venusdienste</strong></span> <span class='ocrx_word' id='word_1_271' title='bbox 477 3589 504 3615; x_wconf 85' lang='lat' dir='ltr'><strong>zu</strong></span> <span class='ocrx_word' id='word_1_272' title='bbox 525 3574 637 3623; x_wconf 87' lang='lat' dir='ltr'><strong>widmeu,</strong></span> <span class='ocrx_word' id='word_1_273' title='bbox 659 3576 730 3618; x_wconf 86' lang='lat' dir='ltr'><strong>wobei</strong></span> <span class='ocrx_word' id='word_1_274' title='bbox 744 3576 779 3618; x_wconf 91' lang='lat' dir='ltr'><strong>die</strong></span> <span class='ocrx_word' id='word_1_275' title='bbox 793 3577 889 3620; x_wconf 77' lang='lat' dir='ltr'><strong>Miuner</strong></span> <span class='ocrx_word' id='word_1_276' title='bbox 903 3577 927 3617; x_wconf 91' lang='lat' dir='ltr'><strong>in</strong></span> <span class='ocrx_word' id='word_1_277' title='bbox 942 3561 1067 3618; x_wconf 67' lang='lat' dir='ltr'><strong>die&#39;Classe</strong></span> <span class='ocrx_word' id='word_1_278' title='bbox 1080 3577 1120 3618; x_wconf 91' lang='lat' dir='ltr'><strong>der</strong></span> <span class='ocrx_word' id='word_1_279' title='bbox 1133 3577 1226 3619; x_wconf 84' lang='lat' dir='ltr'><strong>Frauen</strong></span> <span class='ocrx_word' id='word_1_280' title='bbox 1241 3579 1310 3621; x_wconf 79' lang='lat' dir='ltr'><strong>kom-</strong></span> 
     </span>
     <span class='ocr_line' id='line_1_32' title="bbox 222 3658 1311 3720; baseline 0.006 -22"><span class='ocrx_word' id='word_1_281' title='bbox 222 3658 298 3701; x_wconf 84' lang='lat' dir='ltr'><strong>meu.&#39;&#39;</strong></span> <span class='ocrx_word' id='word_1_282' title='bbox 312 3683 342 3691; x_wconf 93' lang='lat'><strong>--</strong></span> <span class='ocrx_word' id='word_1_283' title='bbox 356 3658 468 3700; x_wconf 82' lang='lat' dir='ltr'><strong>Convenit</strong></span> <span class='ocrx_word' id='word_1_284' title='bbox 482 3673 533 3700; x_wconf 87' lang='lat' dir='ltr'><strong>curn</strong></span> <span class='ocrx_word' id='word_1_285' title='bbox 549 3660 600 3699; x_wconf 85' lang='lat' dir='ltr'><strong>taba</strong></span> <span class='ocrx_word' id='word_1_286' title='bbox 615 3659 786 3710; x_wconf 87' lang='lat' dir='ltr'><strong>testiculorum,</strong></span> <span class='ocrx_word' id='word_1_287' title='bbox 803 3675 870 3714; x_wconf 88' lang='lat' dir='ltr'><strong>quarn</strong></span> <span class='ocrx_word' id='word_1_288' title='bbox 892 3660 915 3701; x_wconf 91' lang='lat' dir='ltr'><strong>in</strong></span> <span class='ocrx_word' id='word_1_289' title='bbox 937 3660 1039 3716; x_wconf 80' lang='lat' dir='ltr'><strong>Aegypto</strong></span> <span class='ocrx_word' id='word_1_290' title='bbox 1061 3661 1189 3703; x_wconf 83' lang='lat' dir='ltr'><strong>observavit</strong></span> <span class='ocrx_word' id='word_1_291' title='bbox 1202 3663 1311 3720; x_wconf 78' lang='lat' dir='ltr'><strong>Larrey,</strong></span> 
     </span>
     <span class='ocr_line' id='line_1_33' title="bbox 223 3741 1309 3800; baseline 0.006 -19"><span class='ocrx_word' id='word_1_292' title='bbox 223 3742 295 3782; x_wconf 90' lang='lat' dir='ltr'><strong>altera</strong></span> <span class='ocrx_word' id='word_1_293' title='bbox 315 3741 389 3781; x_wconf 87' lang='lat' dir='ltr'><strong>morbi</strong></span> <span class='ocrx_word' id='word_1_294' title='bbox 409 3741 506 3797; x_wconf 84' lang='lat' dir='ltr'><strong>species,</strong></span> <span class='ocrx_word' id='word_1_295' title='bbox 530 3755 601 3794; x_wconf 71' lang='lat' dir='ltr'><strong>quam,</strong></span> <span class='ocrx_word' id='word_1_296' title='bbox 617 3748 685 3782; x_wconf 80' lang='lat' dir='ltr'><strong>vocat</strong></span> <span class='ocrx_word' id='word_1_297' title='bbox 698 3743 759 3785; x_wconf 85' lang='lat' dir='ltr'><strong>Clar.</strong></span> <span class='ocrx_word' id='word_1_298' title='bbox 776 3743 905 3786; x_wconf 73' lang='lat' dir='ltr'><strong>Sentianum</strong></span> <span class='ocrx_word' id='word_1_299' title='bbox 920 3744 1046 3798; x_wconf 86' lang='lat' dir='ltr'><strong>atrophiam</strong></span> <span class='ocrx_word' id='word_1_300' title='bbox 1061 3743 1193 3799; x_wconf 76' lang='lat' dir='ltr'><strong>genitalium</strong></span> <span class='ocrx_word' id='word_1_301' title='bbox 1206 3747 1309 3800; x_wconf 87' lang='lat' dir='ltr'><strong>aequisi-</strong></span> 
     </span>
     <span class='ocr_line' id='line_1_34' title="bbox 224 3824 1310 3882; baseline 0.005 -16"><span class='ocrx_word' id='word_1_302' title='bbox 224 3831 270 3867; x_wconf 88' lang='lat' dir='ltr'><strong>tam</strong></span> <span class='ocrx_word' id='word_1_303' title='bbox 291 3825 329 3867; x_wconf 82' lang='lat' dir='ltr'><strong>vel</strong></span> <span class='ocrx_word' id='word_1_304' title='bbox 350 3824 416 3865; x_wconf 90' lang='lat' dir='ltr'><strong>etiam</strong></span> <span class='ocrx_word' id='word_1_305' title='bbox 436 3825 614 3879; x_wconf 82' lang='lat' dir='ltr'><strong>gonorrhoicam‚</strong></span> <span class='ocrx_word' id='word_1_306' title='bbox 629 3826 682 3878; x_wconf 87' lang='lat' dir='ltr'><strong>quia</strong></span> <span class='ocrx_word' id='word_1_307' title='bbox 696 3825 720 3867; x_wconf 88' lang='lat' dir='ltr'><strong>iu</strong></span> <span class='ocrx_word' id='word_1_308' title='bbox 734 3827 775 3867; x_wconf 88' lang='lat' dir='ltr'><strong>hac</strong></span> <span class='ocrx_word' id='word_1_309' title='bbox 789 3826 924 3882; x_wconf 79' lang='lat' dir='ltr'><strong>gouorrhoea</strong></span> <span class='ocrx_word' id='word_1_310' title='bbox 939 3826 1087 3881; x_wconf 88' lang='lat' dir='ltr'><strong>probabiliter</strong></span> <span class='ocrx_word' id='word_1_311' title='bbox 1101 3832 1135 3868; x_wconf 87' lang='lat' dir='ltr'><strong>est</strong></span> <span class='ocrx_word' id='word_1_312' title='bbox 1148 3840 1227 3869; x_wconf 88' lang='lat' dir='ltr'><strong>caussa</strong></span> <span class='ocrx_word' id='word_1_313' title='bbox 1242 3843 1310 3871; x_wconf 87' lang='lat' dir='ltr'><strong>oeca-</strong></span> 
     </span>
     <span class='ocr_line' id='line_1_35' title="bbox 222 3897 1309 3963; baseline 0.002 -15"><span class='ocrx_word' id='word_1_314' title='bbox 222 3905 330 3958; x_wconf 77' lang='lat' dir='ltr'><strong>sionalis3</strong></span> <span class='ocrx_word' id='word_1_315' title='bbox 347 3918 447 3959; x_wconf 87' lang='lat' dir='ltr'><strong>quaeque</strong></span> <span class='ocrx_word' id='word_1_316' title='bbox 461 3912 511 3962; x_wconf 87' lang='lat' dir='ltr'><strong>post</strong></span> <span class='ocrx_word' id='word_1_317' title='bbox 525 3908 666 3962; x_wconf 87' lang='lat' dir='ltr'><strong>pubertatem</strong></span> <span class='ocrx_word' id='word_1_318' title='bbox 681 3897 756 3963; x_wconf 79' lang='lat' dir='ltr'><strong>prodit</strong></span> <span class='ocrx_word' id='word_1_319' title='bbox 769 3907 794 3948; x_wconf 91' lang='lat' dir='ltr'><strong>in</strong></span> <span class='ocrx_word' id='word_1_320' title='bbox 807 3907 849 3956; x_wconf 87' lang='lat' dir='ltr'><strong>iis,</strong></span> <span class='ocrx_word' id='word_1_321' title='bbox 866 3907 905 3960; x_wconf 89' lang='lat' dir='ltr'><strong>qui</strong></span> <span class='ocrx_word' id='word_1_322' title='bbox 919 3917 999 3948; x_wconf 83' lang='lat' dir='ltr'><strong>venere</strong></span> <span class='ocrx_word' id='word_1_323' title='bbox 1013 3906 1106 3949; x_wconf 79' lang='lat' dir='ltr'><strong>fuerant</strong></span> <span class='ocrx_word' id='word_1_324' title='bbox 1127 3908 1200 3950; x_wconf 84' lang='lat' dir='ltr'><strong>abusi.</strong></span> <span class='ocrx_word' id='word_1_325' title='bbox 1226 3910 1309 3952; x_wconf 80' lang='lat' dir='ltr'><strong>Credit</strong></span> 
     </span>
    </p>
   </div>
   <div class='ocr_carea' id='block_1_6' title="bbox 224 3987 1306 4046">
    <p class='ocr_par' dir='ltr' id='par_1_6' title="bbox 224 3987 1306 4046">
     <span class='ocr_line' id='line_1_36' title="bbox 224 3987 1306 4046; baseline 0.003 -14"><span class='ocrx_word' id='word_1_326' title='bbox 224 3991 354 4033; x_wconf 75' lang='lat' dir='ltr'><strong>Scatinauia</strong></span> <span class='ocrx_word' id='word_1_327' title='bbox 371 3987 403 4044; x_wconf 82' lang='lat' dir='ltr'><strong>(p.</strong></span> <span class='ocrx_word' id='word_1_328' title='bbox 422 3988 482 4044; x_wconf 88' lang='lat'><strong>100.)</strong></span> <span class='ocrx_word' id='word_1_329' title='bbox 498 3989 554 4032; x_wconf 90' lang='lat' dir='ltr'><strong>banc</strong></span> <span class='ocrx_word' id='word_1_330' title='bbox 570 3990 664 4046; x_wconf 86' lang='lat' dir='ltr'><strong>speeiem</strong></span> <span class='ocrx_word' id='word_1_331' title='bbox 680 4005 725 4033; x_wconf 86' lang='lat' dir='ltr'><strong>esse</strong></span> <span class='ocrx_word' id='word_1_332' title='bbox 739 3991 842 4033; x_wconf 89' lang='lat' dir='ltr'><strong>morbum</strong></span> <span class='ocrx_word' id='word_1_333' title='bbox 857 3990 977 4032; x_wconf 86' lang='lat' dir='ltr'><strong>Herodoti:</strong></span> <span class='ocrx_word' id='word_1_334' title='bbox 994 3991 1070 4033; x_wconf 88' lang='lat' dir='ltr'><strong>ulcera</strong></span> <span class='ocrx_word' id='word_1_335' title='bbox 1084 3990 1113 4032; x_wconf 63' lang='lat' dir='ltr'><strong>iu»</strong></span> <span class='ocrx_word' id='word_1_336' title='bbox 1122 4004 1146 4034; x_wconf 81' lang='lat' dir='ltr'><strong>ea</strong></span> <span class='ocrx_word' id='word_1_337' title='bbox 1160 4005 1204 4035; x_wconf 88' lang='lat' dir='ltr'><strong>nou</strong></span> <span class='ocrx_word' id='word_1_338' title='bbox 1211 3993 1306 4035; x_wconf 84' lang='lat' dir='ltr'><strong>adsunt.</strong></span> 
     </span>
    </p>
   </div>
   <div class='ocr_carea' id='block_1_7' title="bbox 0 0 1382 4710">
    <p class='ocr_par' dir='ltr' id='par_1_7' title="bbox 0 0 1382 4710">
     <span class='ocr_line' id='line_1_37' title="bbox 0 0 1382 4710; baseline 0 0"><span class='ocrx_word' id='word_1_339' title='bbox 0 0 1382 4710; x_wconf 95' lang='lat' dir='ltr'><strong> </strong></span> 
     </span>
    </p>
   </div>
  </div>
 </body>
</html>
