2754 4710
484 430 705 489 -131··-
771 384 786 518 ’Δ

40 592 145 653 Juxta
177 590 256 651 banc
282 589 455 670 Apollodori
490 588 679 648 traditionem
704 608 836 646 caussam
863 588 924 646 irae
952 587 1036 647 Joris'
1054 587 1086 644 in
1105 606 1140 644 co

40 714 165 777 ponere
185 694 345 773 possimus,
366 694 446 773 quod·
462 693 616 765 metuerit,
639 712 678 752 ne
693 692 849 768 homines,
873 691 980 752 invitis
1002 691 1086 768 Diis,
1110 713 1140 752 se

44 802 231 879 adjuvantes
256 821 274 858 a
295 810 393 859 morte
415 799 621 867 vindicarent,
650 819 712 857 non
737 806 878 856 autema
902 797 966 856 Diis
982 818 1036 877 per
1058 819 1141 858 sacra

45 909 181 969 salutem
202 906 381 986 flagitarent.
424 905 660 977 Convenitcuru
682 903 737 963 hac
759 900 964 963 Eratosthenis
988 903 1141 978 narratio,
1191 983 1195 989 ι

48 1037 69 1073 a
101 1034 165 1092 qao
200 1013 346 1072 dicuntur
373 1012 427 1073 Dii
454 1032 539 1092 aegre
564 1009 686 1085 tulisse,
710 1006 922 1086 Aesculapium
952 1015 1086 1064 mortuos
1110 1007 1143 1065 in

48 1121 151 1177 vitam
180 1117 362 1188 restituere,
391 1115 471 1196 quod
498 1116 523 1174 si
550 1116 678 1189 faceret,
712 1112 793 1173 irriti
813 1112 919 1171 fierent
936 1111 1070 1191 ipsorum
1091 1111 1147 1169 lro-

50 1241 143 1282 nores
170 1220 254 1303 (lllj
286 1242 377 1300 quam
406 1221 443 1279 ob
471 1240 534 1278 rern
561 1220 589 1279 ei
614 1219 710 1279 iratus
733 1219 860 1279 fulmine
883 1219 1002 1298 Jupiter
1020 1217 1145 1277 domum

51 1326 117 1403 ejus
147 1328 213 1402 (τήν
240 1332 335 1385 οἰκίαν
365 1326 472 1399 ἄντοῦ(
503 1342 570 1382 cum
590 1322 655 1401 ipso
674 1325 827 1404 percussit·
868 1324 914 1384 E'x
934 1323 982 1384 his
1002 1317 1161 1402 quodam·'

53 1428 143 1489 modo
171 1429 316 1488 conticere
344 1428 511 1506 possimus,
543 1427 753 1507 Aesculapium
770 1431 833 1506 jam
855 1428 1031 1487 rationalem
1052 1427 1147 1487 medi-

55 1533 156 1593 cinam
182 1536 364 1606 exercuisse‚
389 1543 527 1611 eamque,
552 1553 628 1610 quae
653 1554 708 1611 per
734 1554 816 1592 sacra
832 1542 864 1591 et
882 1532 1075 1592 lustrationes
1093 1532 1146 1590 fre·

56 1638 124 1712 bat,
152 1637 240 1715 plane
271 1638 423 1713 omisisse,
452 1636 642 1716 quamobrem
673 1637 701 1694 ei
732 1636 841 1696 merito
864 1616 936 1696 irati
962 1636 1149 1716 fingebantur

61 1741 127 1801 Dii.
172 1739 230 1799 sed
250 1761 336 1811 cum,
371 1740 416 1800 uti
443 1741 475 1799 in
502 1741 598 1820 capite
618 1741 756 1818 sequenti
774 1742 988 1817 indicabimus,
1012 1741 1072 1799 alia
1093 1738 1166 1799 do?

58 1851 347 1919 cumentaexstent,
374 1843 478 1922 qrribus
498 1843 657 1922 probetur,
680 1844 769 1902 etiarn
790 1845 1001 1925 Aesculapium
1022 1865 1077 1924 per
1096 1845 1146 1903 in·

61 1948 244 2017 cantationes
277 1967 408 2019 sanasse,
441 1967 569 2024 cumque
593 1968 697 2006 caussa
720 1950 827 2009 mortis
860 1949 900 2006 ab
927 1949 995 2007 aliis
1016 1947 1148 2008 auctori·

64 2050 112 2113 bus
139 2051 201 2108 alio
231 2050 343 2108 iterum
372 2049 462 2107 modo
478 2059 633 2125 narretur,
656 2071 693 2109 ex
713 2050 762 2110 his
782 2051 954 2130 Apollodori
976 2061 1008 2119 ct
1029 2050 1150 2111 Eratos·

59 2156 159 2225 thenis
181 2157 280 2216 verbis
297 2176 358 2216 non
377 2154 509 2214 multum
526 2153 563 2212 de
582 2156 751 2235 Aesculapii
772 2155 938 2216 medicinae
955 2138 1063 2216 natura
1079 2175 1151 2215 oon·

63 2261 228 2325 ficiendum
254 2283 314 2322 esse
351 2271 433 2343 puto.
477 2262 523 2320 lta
545 2260 635 2337 juxta
654 2260 816 2331 lliodorum
835 2259 903 2319 ideo
932 2281 999 2321 eum
1020 2260 1147 2325 fulmine

60 2368 185 2443 necavit
218 2367 354 2448 Jupiter,
384 2368 456 2449 quia
481 2366 570 2446 apud*
589 2367 670 2425 bunc
690 2367 777 2427 Pluto
795 2366 945 2446 querelas
956 2366 1151 2441 instituerat,

11 2520 14 2557 ᾗ
60 2472 144 2552 quod
170 2473 235 2549 ejus
264 2474 475 2536 medicatione·
495 2470 620 2532 subinde
648 2460 838 2530 mortuorum
870 2466 1152 2548 umnerusldecrei-

12 2598 21 2619 ⁴
62 2586 144 2636 ceret
171 2567 255 2658 (12');
283 2590 314 2639 et
334 2579 424 2656 juxta
444 2555 629 2650 Pindarum,
655 2573 798 2654 quia‘pro
815 2595 870 2653 ope
891 2575 1005 2634 medica
1023 2574 1150 2634 nimiam

65 2680 231 2739 mercedem
254 2682 424 2759 postulabat
446 2680 526 2761 (13).
567 2679 642 2737 Tam
661 2680 746 2738 varie
763 2658 864 2738 autem
885 2681 1055 2760 Aesculapii
1073 2702 1155 2741 mor-

63 2786 105 2845 tis
131 2802 261 2853 caussam
282 2802 408 2842 narrare
428 2794 583 2855 auctores,
598 2782 676 2841 dicit
691 2785 799 2859 Sextus
819 2783 993 2862 Empiricus
1011 2782 1096 2863 (14),
1119 2794 1155 2843 ut

62 2891 101 2949 ‹le'
121 2886 251 2945 veritate
268 2885 333 2961 ejus
352 2884 407 2944 vix
431 2886 598 2954 discernere
616 2886 779 2956 valeamus.
823 2889 904 2962 Quae
922 2910 990 2948 cum
1008 2890 1051 2946 ita
1071 2889 1151 2964 sint,

59 3003 165 3050 tamen
194 3007 254 3044 non
279 2987 382 3058 video,
406 3006 499 3066 quare
520 2988 703 3061 Heraclitus,
726 3011 795 3050 eum
812 2991 894 3050 febre
905 2993 1158 3082 inflammatoris,

62 3104 95 3154 et
113 3091 228 3169 suidas,
248 3112 318 3152 eum
332 3090 580 3174 peripneumonia
590 3091 796 3170 interemtum,
808 3093 942 3154 dixerint
961 3085 1046 3176 (15),
1067 3097 1154 3173 cujus

12 3303 15 3322 ⁸
97 3297 145 3352 (ll)
163 3295 426 3340 transsumentem.
442 3306 463 3336 c.
479 3273 568 3336 (1.1)θῖ
585 3271 618 3326 αἶ
638 3273 729 3342 τιμαῖ
744 3269 1001 3340 καταλυθήσονται
1022 3271 1154 3330 odadu’*

100 3382 150 3439 (12)
167 3383 238 3425 Dron.
255 3383 301 3425 Src.
317 3379 369 3424 Lib.
385 3375 519 3436 Iv.c.71.

98 3463 147 3519 (13)
163 3465 233 3506 Parin.
250 3461 320 3518 Pyth.
337 3460 385 3503 111.
406 3460 436 3501 96
450 3472 499 3513 sqq.
530 3455 570 3522 Cf..
582 3453 657 3497 schol.
672 3454 700 3495 ad
713 3453 738 3496 b.
754 3455 771 3497 1.
780 3485 787 3504 ,
805 3455 843 3496 ubi
855 3454 940 3497 dicitur
954 3457 1105 3514 Aesculapius
1119 3471 1159 3500 ne·

64 3554 132 3592 catus
145 3560 206 3594 esse,
225 3544 280 3599 quia
292 3542 393 3584 mercede
406 3540 522 3596 pollicitus
535 3545 598 3588 erat,
620 3537 772 3594 Hippolytum
792 3537 817 3580 in
831 3538 902 3580 vitam
918 3553 1022 3582 revocare
1037 3539 1085 3588 (Cf.
1099 3543 1156 3584 Lae·

65 3641 148 3675 runnu
160 3625 232 3669 divin.
249 3624 327 3666 Iustit.
348 3623 401 3665 Lib.
418 3620 438 3665 ἴ.
452 3637 473 3666 c.
491 3620 527 3664 10.
541 3622 609 3666 Paos.
626 3622 660 3665 ΙΙ.
683 3621 742 3678 27.).
763 3622 849 3667 Variae
868 3636 959 3664 caussae
978 3623 1061 3666 ibidem
1078 3624 1158 3670 mortis

65 3708 203 3763 Aesculapii
216 3707 344 3749 afferuntur
351 3734 358 3754 ,
370 3682 408 3743 ¹arl
421 3717 477 3759 quas
490 3703 558 3745 etiarn
573 3703 678 3746 nonnulli
694 3703 852 3746 Proetidas-um
864 3705 1001 3748 sanationem
1015 3706 1155 3750 referebant.

101 3792 150 3846 (14)
167 3791 237 3832 Saxu.
252 3789 341 3830 Errare.
355 3784 443 3828 advers.
458 3784 560 3828 Gramm.
581 3785 633 3830 Lib.
652 3786 674 3831 1.
690 3799 711 3830 c.
729 3784 766 3831 12.
787 3784 858 3840 §260
879 3799 913 3840 aq.
936 3802 960 3843 p.
982 3786 1033 3832 271.
1054 3789 1089 3833 sd.
1113 3790 1159 3831 1⁴¹4.

34 3908 45 3933 0
69 3888 154 3926 ausuri.

102 3953 150 4011 (15)
167 3949 345 3995 Haaacurah
358 3947 536 3993 incredibilibus.
550 3963 572 3994 c.
587 3950 623 3994 26.
640 3965 664 4007 p.
679 3951 718 3995 78.
734 3950 810 4004 (Gna
830 3951 937 4008 Opaon).
959 3951 1041 3997 Suras·
1060 3953 1086 3996 in
1105 3966 1159 3999 voce

73 4015 293 4088 Λσκληπιάᾱης·
324 4031 353 4072 r.
371 4027 503 4085 svessa.
1191 4020 1194 4025 ’

992 4121 1037 4178 94
