2754 4710
556 41 806 138 ¹-ss-

115 231 291 301 'struatis‘
317 238 392 327 leges
425 238 517 298 Moses
544 237 624 297 tulit.
674 238 780 299 Omnis
808 239 940 299 foemina
965 240 1091 301 durante
1117 253 1248 324 tempore

143 345 414 409 menstruationis
432 363 485 425 per
502 352 614 422 septem
637 344 700 404 dies
718 345 838 424 impura
858 358 940 407 erat:
963 348 1100 428 quisquis
1117 369 1183 408 eam
1199 361 1246 409 at·

140 452 294 533 tigisset,
317 449 355 507 ad
369 468 523 528 vesperam
539 468 638 528 nsque
658 458 724 521 erat
739 449 880 528 pollutus.
921 450 1001 511 Haec
1023 452 1182 532 impuritas
1192 455 1249 513 eti·

143 578 210 617 am
240 556 360 632 omnia,
393 555 616 634 quibuscunque
656 554 861 632 decubuisset,
902 554 952 615 vel
981 576 1058 635 quae
1086 556 1146 614 alio
1162 558 1248 616 modo

147 663 352 742 contigisset,
374 660 640 739 complectebatur3
668 644 830 740 eademque
858 672 922 733 erat
947 662 1087 735 mulieri,
1110 662 1158 720 cni
1178 685 1247 723 san-

152 769 229 848 gnis
250 765 417 844 complures
435 765 497 824 dies
519 765 650 823 alienon
671 768 832 826 menstruis
848 777 982 847 tempore
1000 778 1052 827 aut
1069 769 1148 827 ultra
1165 789 1249 827 men-

152 882 248 931 strua
277 868 415 928 fluxisset
430 869 511 950 ¹(ill.
536 869 605 929 Mos.
628 871 690 931 XV.
708 874 759 933 20.
777 893 838 952 sqq.
861 875 910 933 26.
932 872 988 952 sq.)
1031 873 1127 952 Hujus
1141 875 1247 953 itaque

152 974 238 1054 legis
269 992 415 1053 quaenam
440 970 532 1031 suerit
556 973 678 1053 physica
706 974 832 1048 utilitas,
863 977 928 1053 jam
947 998 1027 1036 nnnc
1049 978 1248 1057 inquiramus.

158 1080 274 1139 Variae
305 1078 341 1136 tle
366 1077 457 1154 hujus
485 1077 629 1156 periodioi
659 1079 759 1139 fluxus
788 1093 895 1142 natura
915 1084 1070 1163 opiniones
1088 1085 1168 1163 apud
1186 1085 1249 1143 fere

158 1205 269 1259 omnes
296 1178 419 1262 populos
444 1185 633 1244 exstiterunt.
674 1187 918 1264 superfluitatem
959 1190 1151 1272 (περίττωμα)
1180 1213 1248 1250 san-

160 1291 289 1370 guinem
311 1288 521 1349 menstrualem
538 1299 628 1349 vocat
648 1289 819 1350 Aristoteles
837 1292 924 1373 (86);
942 1295 1033 1352 etiam
1042 1314 1144 1353 semen
1154 1294 1249 1373 quod-

160 1398 234 1456 dam
252 1396 411 1471 muliebre,
434 1417 493 1454 non
515 1395 637 1475 quidem
647 1417 775 1474 purum,
800 1397 851 1455 sed
859 1398 1061 1459 elaboratione
1071 1374 1160 1478 egens
1170 1398 1248 1480 (87).

164 1500 261 1561 Haec'
274 1501 312 1557 de
342 1500 493 1578 sanguinis
519 1500 709 1558 menstrualis
727 1500 848 1580 impura
865 1511 897 1560 et
909 1503 1008 1562 minus
1028 1503 1177 1562 elaborata
1196 1523 1251 1560 na-

161 1616 236 1666 tura
264 1604 367 1683 opinio
396 1604 497 1662 forsan
506 1603 623 1680 {exorta
642 1613 686 1661 est
704 1624 741 1663 ex
767 1623 820 1678 eo,
843 1605 925 1684 quod
949 1626 1011 1665 non
1028 1606 1132 1664 eodem
1145 1598 1248 1684 iigore

164 1731 202 1769 ac
229 1708 383 1789 sanguise
410 1705 496 1766 venis
520 1705 628 1765 missus
657 1715 755 1779 coeat,
790 1707 918 1787 ideoque
936 1730 1042 1769 revera
1061 1710 1162 1768 minus
1181 1729 1250 1789 per-

167 1815 263 1874 fectus
289 1814 388 1874 videri
416 1811 507 1892 possit
539 1809 618 1894 (88).
659 1812 771 1891 Vulgus
791 1813 873 1871 illius
899 1815 1053 1894 sanguinis
1077 1812 1251 1893 impuritati

170 1919 278 1978 multas
303 1922 402 1976 autern
429 1915 584 1974 damnatas
604 1917 763 1995 qualitates
773 1917 929 1997 adscripsit
939 1964 948 1994 ‚
968 1917 1005 1976 de
1023 1918 1133 1996 quibus
1149 1927 1250 1977 tamen

173 2020 346 2081 Aristoteles
369 2028 543 2098 veteresque
570 2020 679 2079 medici
698 2021 838 2100 cogitasse
856 2042 917 2079 non
934 1994 1092 2080 bidentum
1131 2022 1177 2081 Ita
1193 2021 1250 2080 hoc

167 2127 309 2206 sanguine
328 2127 467 2186 mulieres
487 2124 570 2185 viros
591 2125 788 2186 imbubinare
806 2126 881 2185 dicit
900 2126 1033 2186 Lucilius
1056 2124 1143 2208 (89),
1164 2147 1250 2186 eum-

168 2250 226 2308 que
254 2229 364 2287 lunnrs
395 2229 484 2287 virus
513 2238 604 2287 vocat
621 2228 761 2290 Lucanus
779 2229 857 2311 (90)
898 2232 941 2291 lix
961 2232 1017 2308 iis,
1042 2233 1172 2311 quaeda
1193 2232 1251 2292 hoc

169 2333 255 2391 fluxu
281 2332 358 2391 dicit
385 2331 518 2407 Plinius,
539 2330 682 2394 discimus
702 2336 869 2414 imprimis,
892 2359 1036 2416 quasnam
1055 2338 1199 2397 ridiculas
1215 2337 1251 2396 de

169 2434 330 2494 menstruis
347 2433 501 2511 opiniones
517 2435 623 2514 vulgus
635 2434 692 2498 hoc
707 2450 839 2519 tempore
857 2441 1009 2501 habuerit.
1049 2443 1147 2501 «Nihil
1163 2443 1250 2503 facile

186 2565 469 2580 μ’μ’-

202 2611 250 2668 (86)
266 2611 424 2653 Asianorum
435 2611 462 2652 de
474 2612 580 2658 Generat.
595 2615 648 2657 Lib.
661 2615 681 2655 I.
694 2627 715 2656 c.
731 2614 766 2656 19.

202 2692 325 2746 (87)1hid.
345 2692 415 2736 nto.
441 2674 528 2730 utun
550 2677 584 2731 sci
611 2675 773 2747 καταμήνια
801 2672 915 2748 σπέρμα
945 2677 979 2731 οὐ
1002 2677 1156 2750 καθαρόν,
1176 2674 1250 2732 ἀλλὰ

172 2778 308 2851 diapason
329 2776 498 2856 ἑργασίας.“’

200 2879 248 2938 (88)
265 2882 334 2922 Juxta
348 2880 475 2922 multorum
490 2880 617 2935 opinionem
632 2892 659 2922 ex
674 2878 774 2922 absentia
787 2878 926 2921 substantiae
938 2869 1033 2922 fibrosae
1047 2885 1081 2922 est
1093 2876 1251 2935 explicandum

170 2963 337 3021 phaenomenon
351 2963 417 3013 illud,
431 2955 560 3018 sangninem
572 2962 732 3015 menstrualem
745 2960 819 3003 eodem
831 2961 1044 3016 rigore,acsanguis
1057 2976 1084 3003 ex
1089 2962 1249 3013 venismissus,
1331 2971 1335 2980 '

170 3045 343 3100 noncosgulari.
357 3047 425 3088 Doct.
433 3044 602 3093 Rsrzrnsrero,
609 3045 747 3099 insanguine
754 3037 887 3085 menstruali
894 3043 982 3085 acidum
989 3042 1164 3099 phosphoricnm
1171 3044 1249 3085 etlac-

170 3127 240 3169 ticum
247 3126 344 3167 liberum
353 3126 471 3172 contineri.
479 3132 585 3181 expertus
598 3133 646 3176 est3
662 3139 718 3181 quae
732 3125 803 3173 acida,
815 3125 840 3165 in
855 3124 914 3166 vasis
926 3124 1021 3165 uterinis
1027 3124 1139 3177 formata,
1153 3125 1186 3166 ita
1194 3127 1248 3167 sub·
1273 3109 1277 3116 Ι

170 3209 276 3251 stantiam
283 3207 396 3263 sanguinis
402 3208 546 3250 menstrualis
559 3208 664 3249 fibrosam
677 3207 805 3263 modificare
816 3203 1072 3256 velsblverevidentur,
1090 3213 1116 3247 ut
1130 3205 1177 3261 ejus
1184 3220 1248 3262 prae·

171 3292 241 3333 sentia
255 3289 500 3353 reagentibus'amplins
508 3291 656 3332 demonstrari
668 3297 771 3346 nequeat.
804 3285 935 3337 [Scaurnn's
950 3287 1090 3329 Jahrbiicher
1104 3286 1168 3331 1837.
1177 3290 1248 3333 VIII.

113 3360 117 3365 ’
171 3387 193 3427 n·
212 3371 273 3429 14⁷·)
887 3367 892 3379 '
1052 3424 1055 3431 .

199 3454 247 3509 (89)
259 3452 355 3497 'Lucrnn
368 3451 492 3509 reliquiae,
507 3454 542 3495 erl.
559 3453 711 3498 Iuvanum.
729 3470 751 3511 p.
772 3453 832 3505 208„
856 3453 891 3494 lta
906 3452 986 3494 saltem
1000 3465 1077 3493 rocem
1096 3452 1248 3496 imhudinare

172 3537 270 3592 explicat
282 3535 367 3577 Fnsnus
375 3534 411 3584 (de
425 3535 546 3577 verborum
559 3535 741 3591 significationel:
759 3535 885 3579 Bnbr'nnre
898 3534 1008 3586 [bubones
1021 3535 1115 3592 efficere]
1130 3544 1171 3586 est,
1185 3550 1248 3578 men-

172 3626 233 3662 struo
248 3619 369 3662 mulierum
383 3617 488 3673 sanguine
500 3617 626 3672 inquinare.
882 3613 929 3671 (90)
946 3617 1056 3661 Lucrum.
1071 3618 1116 3661 vt.
1134 3617 1185 3660 699.
