2754 4710
578 454 619 468 -
655 429 717 487 ’132
759 462 797 473 -

157 590 272 670 generis
297 588 402 646 mortis
431 597 648 665 argumentum·
667 599 747 646 certe
768 609 807 648 ex
831 588 992 648 traditione
1012 609 1061 659 ea,
1096 610 1154 668 qua
1169 594 1217 651 sul-

157 695 238 753 mine
267 694 344 752 ictus
374 691 485 751 dicitur
514 691 592 749 mihi
620 693 779 770 petendum
809 714 869 752 non
888 693 1032 765 videtur,
1053 716 1120 754 cum
1137 700 1218 776 potius

156 798 335 878 apoplectiei
367 796 451 875 quasi
483 795 610 854 fulmine
648 796 703 854 icti
742 798 928 872 moriantur,
962 820 1092 877 cumque
1120 801 1219 880 Jupiter

156 924 215 962 non
239 902 335 960 solum
355 901 585 978 Aesculapium,
608 898 658 958 aed
682 900 772 958 etiam
797 902 862 978 ejus
879 901 1000 959 domum
1023 903 1151 962 fulmine
1165 925 1219 983 per-

155 1008 277 1067 cussisse
295 1007 425 1066 dieatur.
468 1005 526 1063 Sed
545 1014 647 1064 nostro
667 1025 756 1083 scopo
776 1025 883 1084 parum
901 1005 993 1063 refert
1004 1051 1013 1079 ,
1024 1027 1064 1064 an
1076 1027 1115 1065 ex
1125 1010 1218 1079 morbo,

154 1113 286 1185 anssvero
304 1108 437 1168 violenta
456 1108 584 1186 quadam
607 1119 703 1167 morte
719 1107 758 1167 sit
779 1090 1135 1189 mortuus'aesculapius3
1156 1113 1224 1172 suffia

152 1217 212 1275 ciat
241 1212 359 1288 dixisse,
374 1225 443 1272 eum
462 1222 562 1291 postea
584 1235 700 1272 summa
718 1213 860 1291 religione
878 1233 931 1290 per·
963 1222 1059 1270 totam
1079 1213 1220 1274 'Graeciam

151 1322 267 1379 cultum
286 1320 375 1378 luisse
384 1365 392 1392 ,
413 1319 459 1376 uti
477 1317 509 1375 in
529 1319 625 1395 capite
641 1317 678 1376 de
696 1317 843 1376 medicina
860 1317 893 1375 in
913 1304 1032 1396 templis
1054 1321 1227 1381 ostendetur:

651 1527 666 1602 t
690 1528 738 1585 15.

193 1737 239 1795 Ad
263 1757 331 1811 eos,
351 1738 404 1815 qui
428 1745 493 1813 post
511 1743 639 1793 mortem
658 1733 696 1791 ob
713 1753 766 1808 ea,
789 1753 867 1812 quae
887 1733 1015 1794 durante
1031 1738 1097 1794 vita
1112 1738 1148 1797 de
1165 1760 1219 1796 me·

149 1843 252 1911 diuina
282 1840 397 1918 egregie
427 1847 620 1914 meruerant,
651 1837 770 1897 divinos
790 1837 917 1898 honores
937 1853 1120 1919 acceperunt
1137 1855 1165 1903 et
1182 1865 1219 1904 sa·

150 1948 284 2006 nationes
311 1946 443 2004 tribuere
470 1945 680 2015 credebantur,
703 1942 858 2020 pertinent
878 1943 969 2027 etiarn
990 1947 1161 2027 Aesculapii
1173 1948 1219 2006 filii

147 2050 315 2110 Podalirius
345 2058 376 2107 et
405 2049 564 2129 Machaon,
605 2068 755 2127 quorum,
792 2059 934 2127 tanquam
967 2051 1096 2112 heroum
1130 2066 1218 2114 contra

148 2155 273 2228 Troiam
294 2153 550 2232 belligerantium,
573 2153 619 2210 uti
638 2152 672 2209 in
686 2136 915 2229 praecedent&
942 2154 1093 2232 vidimus,
1116 2159 1216 2238 saepias

147 2262 181 2319 in
203 2260 295 2319 iliade
315 2260 349 2317 fit
370 2259 484 2317 mentio
504 2258 581 2338 (16).
622 2257 647 2315 Α
670 2256 801 2315 Chirone
817 2259 939 2320 ‘educati
954 2261 1022 2342 (17)
1037 2274 1068 2322 et
1087 2266 1218 2346 eloquen-

148 2365 208 2424 tiae
229 2374 260 2422 et
277 2363 351 2421 artis
380 2362 512 2418 bellandi
531 2370 560 2418 et
581 2359 747 2417 medicinae
765 2373 852 2420 eraut
869 2364 1060 2444 peritissimi,
1088 2363 1218 2451 omnique

146 2456 233 2528 civili
251 2469 368 2525 virtute
386 2467 562 2525 civitatibus
585 2476 671 2524 erant
694 2464 802 2539 utiles,
824 2487 890 2523 cum
911 2488 972 2527 non
992 2470 1081 2560 modo
1099 2460 1221 2554 eorporis

67 2621 71 2627 .
146 2574 263 2632 morbos
289 2572 488 2650 depellerent,
518 2571 568 2629 sed
596 2581 626 2629 et
656 2571 813 2631 civitatum
844 2574 1044 2652 aegritudines
1072 2592 1220 2652 sanarent,
1254 2580 1258 2589 ’

147 2689 199 2735 aut
220 2679 319 2756 potius
345 2675 470 2735 omnino
487 2674 561 2732 oriri
580 2674 784 2754 prohiberent.
826 2674 887 2735 Hoc
905 2677 1087 2753 abdristide
1107 2683 1175 2764 (18)
1192 2686 1224 2744 de

144 2785 181 2841 iis
201 2781 350 2860 prolatum
371 2780 576 2837 testimonium
597 2779 791 2837 confirmatur
811 2780 909 2838 verbis
927 2781 1054 2845 Diodori
1081 2785 1224 2862 dicentis,

129 2898 193 2945 'eos
216 2894 338 2964 propter
357 2883 503 2942 medicam
527 2891 620 2940 artem
650 2883 767 2941 Graecis
796 2906 905 2962 magno
931 2887 998 2943 usui
1025 2888 1134 2963 fuisse,
1159 2904 1227 2970 tau-

143 3003 266 3069 tamque
293 2988 417 3067 gloriam
446 2988 608 3066 accepisse,
639 3006 675 3046 ut
701 2992 912 3051 certaminibus
947 2995 1134 3075 proeliisque
1173 3000 1236 3060 imss

144 3116 250 3155 marnes
278 3103 374 3152 essent
402 3091 479 3170 (19).
521 3096 566 3151 De
588 3093 643 3150 hac
672 3113 775 3152 eornm
797 3116 814 3150 a
832 3097 938 3173 pugnis
953 3097 1151 3162 immunitate
1170 3126 1227 3164 non

142 3199 278 3279 loquitur
306 3197 471 3270 Homerus,
494 3196 579 3275 ,apud
609 3218 697 3276 quem
725 3200 831 3259 medici
852 3201 974 3280 quidem
992 3203 1064 3262 boni
1082 3208 1155 3289 (20)
1174 3232 1228 3272 vo.

141 3351 337 3366 ’.Φ-

171 3446 221 3502 (16)
238 3444 276 3489 Cl'.
290 3445 358 3486 etiam
371 3444 490 3485 Arainon.
506 3442 553 3485 111.
571 3441 605 3485 10.
621 3444 642 3485 Β.
660 3457 683 3497 p.
703 3442 756 3486 322.
769 3444 803 3485 ed.
821 3420 923 3486 'tiaram
941 3445 980 3487 ubi
994 3448 1022 3488 ad
1034 3463 1070 3490 eos
1084 3451 1229 3498 (tremorum

142 3527 256 3584 princip„
270 3523 405 3580 pertinuisse
418 3523 542 3570 dicuntur,
562 3523 602 3575 qui
614 3523 723 3567 Helenam
734 3502 761 3564 in
775 3524 944 3579 matrimonium
956 3529 1071 3580 petebant.
1089 3535 1173 3577 —kDe
1187 3537 1228 3578 Po·

141 3609 224 3652 dffirio
236 3616 259 3650 gt
271 3607 407 3653 Machaon„
423 3605 449 3645 de
463 3618 540 3646 eornm
552 3604 615 3653 vita,
629 3605 714 3659 iisque,
730 3619 787 3659 quae
800 3607 824 3648 in
838 3614 886 3650 arta
899 3608 1001 3651 medendi
1021 3614 1185 3664 praestiterint
1197 3617 1229 3662 as.

142 3693 170 3735 P.
186 3693 351 3738 Kuuxaovas,
373 3686 509 3730 Dissertatio
522 3687 548 3728 ds
561 3687 684 3729 Machaona
696 3695 720 3729 et
731 3687 860 3737 Podalirio,
875 3673 955 3744 priniie
969 3678 1227 3743 modicis'milimism.

146 3772 299 3826 Groningae,
324 3750 388 3812 1837.
740 3804 743 3809 ·

172 3855 222 3911 (17)
237 3855 371 3896 Χιιιοειοιι,
388 3856 495 3910 Cyneget.
508 3869 532 3909 p.
546 3853 598 3896 973.
630 3852 749 3893 Contraria
767 3854 849 3895 statuit
862 3855 989 3898 Austrum
1010 3857 1095 3915 (Orat.v
1109 3862 1135 3905 in
1148 3865 1232 3909 Ante·
1254 3892 1262 3919 ι

140 3939 203 4000 pind.
219 3938 249 3980 T.
264 3939 284 3980 1.
300 3953 323 3992 p,
346 3937 393 3994 76.)
414 3936 503 3986 dicens,
524 3937 599 3992 ipsum
618 3941 704 3990 patrem
718 3949 754 3977 eos
774 3934 798 3977 in
818 3936 883 3979 horto
902 3938 1009 3982 sanitatis
1030 3941 1146 3988 educasse.

169 4018 222 4093 (18)
239 4023 347 4061 Arrsrrn.
369 4017 385 4060 1.
400 4031 419 4059 e.
434 4033 457 4073 p.
473 4018 510 4062 81.
602 4016 649 4071 (19)
665 4018 736 4058 Dran.
751 4016 797 4060 Src.
812 4020 864 4063 Lib'.
880 4022 923 4066 IV.
944 4021 1229 4085 castannola.)
