2754 4710
567 438 797 527 *Ἧι-,ν

121 596 207 656 tione
227 598 338 678 optime
361 597 521 658 secundum
543 597 656 658 nliberr
679 600 714 682 (1.
729 599 938 678 olconvenit,
960 598 1040 678 quod
1056 597 1200 659 ininsula

119 700 206 759 dicta
248 701 289 761 lle
316 701 352 761 de
385 703 406 760 F
408 720 515 774 rauce,
538 700 589 760 ubi
608 701 692 781 lepra
706 703 875 782 saepissime
894 701 1066 777 offenditur,
1082 702 1198 762 incolae

126 805 223 864 multa
240 825 329 865 carne
356 805 444 866 suilla
472 813 644 865 vescuntur.
684 805 764 866 Haec
781 807 865 887 lepra
882 816 987 867 utrum
1013 806 1128 883 Leuce„
1144 826 1199 871 ‚an
1260 878 1263 883 ⁴

121 906 348 987 Elephantiasis,
372 929 410 966 an
423 890 519 987 Lepra
535 908 676 987 vulgaris,
699 930 739 968 an
756 909 914 990 alphoidea
926 909 1035 984 fuerit,
1062 892 1200 967 nostrum

121 1030 234 1090 parum
263 1010 388 1070 interest
415 1009 503 1091 (31):
538 1010 595 1070 hoc
613 1031 683 1070 sane
708 1023 844 1073 constare
862 1013 1077 1088 videtur,‘esn
1096 1010 1196 1070 dictae

122 1113 224 1173 carnis
242 1113 358 1172 morbos
371 1122 515 1172 ⁴cutuueos
533 1114 617 1188 effici,
641 1115 695 1195 qui
706 1116 744 1177 ad
763 1116 871 1176 harum
893 1117 1048 1196 regionum
1065 1112 1200 1172 eudemi-

123 1237 173 1276 cos
189 1226 321 1296 possunt
344 1215 462 1276 referri.
505 1217 607 1305 lleqne
637 1218 733 1278 solum
750 1220 784 1278 in
804 1220 909 1281 calidis
927 1218 1010 1280 hisce
1026 1216 1197 1297 regionibus

122 1319 225 1379 carnis
248 1319 357 1378 suillae
379 1339 445 1378 esus
462 1319 566 1380 noxios
585 1320 705 1382 effectus
722 1324 855 1397 exserite
871 1322 961 1382 etiam
979 1324 1013 1380 in
1031 1319 1202 1400 temperatis

121 1421 234 1482 nostris
253 1421 346 1482 variis
363 1431 393 1481 et
410 1443 629 1502 nonnunquam
648 1426 787 1505 gravibus
808 1425 1004 1494 incommodis
1014 1444 1116 1482 ansam
1128 1421 1197 1481 dare

122 1534 229 1604 potest.
270 1525 464 1586 Notissimum
490 1535 549 1598 est,
574 1538 726 1588 recentem
747 1521 867 1589 carnem
884 1511 1023 1599 suillam,
1046 1525 1199 1605 imprimis

121 1629 179 1705 iis,
212 1628 264 1706 qui
292 1628 374 1686 illins
391 1630 453 1687 esui
472 1629 586 1688 adsueti
608 1651 671 1708 non
689 1641 777 1703 sunt,
795 1630 985 1707 diarrhoeam
1005 1649 1088 1709 posse
1108 1624 1200 1687 indu-

39 1776 42 1780 -
122 1751 206 1805 eere3
228 1731 277 1789 sed
300 1731 454 1789 interdum
477 1742 673 1810 symptomata
699 1733 860 1813 producit,
885 1753 980 1812 quae,
1002 1731 1084 1811 quod
1099 1730 1136 1788 ad
1153 1730 1203 1788 in·

124 1833 223 1893 dolent
237 1842 273 1905 et
285 1833 485 1912 gravitatem,
506 1853 596 1911 quam
618 1836 748 1895 maxime
766 1846 836 1894 sunt
851 1835 963 1894 similia
979 1833 1037 1912 iis,
1057 1853 1132 1911 quae
1149 1852 1202 1912 per

119 1935 419 1996 vehementissimam
439 1936 728 2014 inflammationem,
751 1958 805 2017 per
824 1922 1058 2017 perdorationcm
1080 1935 1199 1994 intesti-

119 2061 247 2117 norum,
279 2039 326 2098 vel
344 2059 405 2117 -per
442 2058 556 2098 venena
575 2041 657 2099 acria
682 2039 860 2102 efficiuntur.
895 2041 962 2101 lam
988 2028 1218 2105 celeberrimus

108 2145 254 2223 -Grcgory
276 2143 311 2200 in
329 2141 506 2202 lectionibus
527 2164 660 2204 narrasse
680 2145 810 2217 dicitur,
832 2164 862 2202 sc
884 2143 1056 2202 arcessitum
1078 2162 1139 2201 esse
1161 2141 1198 2199 ad

107 2245 223 2306 ¹virum
242 2245 410 2324 quendam,
424 2243 486 2322 qui
504 2244 590 2323 juxta
612 2248 775 2308 familiares
792 2245 952 2305 arthritide
969 2245 1107 2304 anomala
1118 2264 1194 2304 ven-

119 2350 265 2410 triculum
282 2349 430 2433 afficiente
446 2350 597 2410 laborabat
609 2349 697 2432 (32);
715 2339 911 2430 semetipsum
929 2368 1001 2407 vero
1010 2347 1193 2428 perspexisse

117 2473 203 2513 esum
230 2452 329 2513 carnis
356 2453 460 2512 suillae
488 2451 521 2511 in
543 2432 643 2514 carissi
659 2454 773 2529 fuisse,
795 2473 922 2533 eumque
943 2473 1012 2512 mor
1029 2452 1193 2512 subminis-

121 2565 201 2616 trato
222 2557 350 2616 emetico
368 2556 489 2616 sanitati
510 2539 685 2617 restituisse.
729 2558 764 2616 In
783 2557 838 2617 lroc
858 2578 939 2634 casu,
960 2577 1056 2635 quum
1073 2555 1193 2617 morbus

119 2658 347 2738 p'roarthritide
362 2661 499 2719 anomala
516 2661 681 2730 haberetur,
708 2671 787 2736 certe
802 2660 977 2740 gravissima
997 2670 1194 2740 symptomata

119 2746 301 2835 adsuerunt,
330 2761 491 2839 eodemque
508 2783 578 2822 casu
600 2765 744 2844 probatur
761 2764 970 2822 celeberrimus
988 2763 1040 2821 ille
1063 2763 1195 2823 medicus

113 2864 182 2939 jam
212 2870 284 2919 tnnc
313 2863 456 2940 temporis
482 2865 587 2924 noxios
603 2866 740 2940 effectus,
764 2867 817 2946 qui
831 2866 984 2926 interdurn
1005 2885 1088 2924 esum
1098 2867 1197 2926 carnis

120 2963 224 3024 suillae
251 2963 469 3044 insequuntur,
504 2987 564 3026 non
585 2969 743 3050 ignorasse.
783 2969 956 3029 Recentiori
985 2977 1120 3046 tempore
1138 2968 1198 3027 im-

118 3065 226 3147 primis
251 3065 330 3126 doct.
355 3065 491 3126 tt’ttivirt
505 3069 561 3136 lrac
579 3071 615 3128 de
638 3092 671 3130 re
691 3072 799 3132 meruit
821 3069 889 3151 (33)
908 3081 992 3130 etex
1011 3070 1195 3130 observatio-

119 3170 211 3230 nibus
251 3169 313 3229 suis
346 3179 518 3250 sequentem
553 3173 773 3234 conclusionem
803 3174 885 3233 lecit.
935 3171 1126 3231 incommoda
1153 3173 1194 3231 is·

60 3348 70 3366 ·
116 3284 147 3333 ta
165 3295 203 3332 ex
226 3294 278 3332 esu
294 3273 393 3333 carnis
408 3273 515 3355 suillae
533 3296 594 3336 sese
611 3277 826 3357 palamlaciunt
840 3286 974 3356 tempore
992 3274 1124 3355 quodam
1140 3277 1191 3335 in-

106 3387 165 3464 tra
182 3375 306 3456 triginta
324 3386 391 3456 post
409 3397 492 3436 esum
514 3380 611 3440 horas.
635 3380 665 3441 si
686 3381 878 3458 ante-horam
899 3367 1020 3440 tertiam
1037 3378 1072 3438 in
1090 3381 1188 3440 lucem

121 3532 363 3542 ...αι’-...-

153 3620 200 3675 (31)
218 3620 270 3669 Illa,
285 3620 311 3661 de
324 3634 368 3675 qua
376 3619 479 3675 loquitur
491 3620 591 3663 Lsn‘nsr
599 3652 605 3671 ‚
619 3619 710 3662 ridetur
722 3618 792 3660 luisse
805 3598 868 3672 lepra
882 3616 991 3672 vulgaris,
1004 3613 1178 3671 velalpbolrlea'.

151 3702 199 3756 (32)
216 3701 340 3742 Fnonrnr's
353 3699 417 3742 Neue
430 3698 607 3744 Noriaen'last.
621 3702 679 3744 Bnd.
694 3702 713 3744 Ι.
738 3699 927 3754 Beobachtungrn
948 3699 1004 3741 iiber
1025 3698 1060 3741 die
1079 3689 1211 3742 bisneilen³

120 3781 314 3828 vorkommenden
332 3780 489 3836 gelihrlichen
501 3782 648 3838 Wirkungen
659 3784 696 3826 des
709 3780 941 3839 Schweinelleiaches‚
953 3794 998 3823 von
1012 3780 1046 3824 dr.
1061 3780 1191 3824 M'Drrrrr.

124 3881 148 3920 p.
165 3864 215 3906 267:
235 3861 315 3906 oWeil
324 3876 358 3911 er,
373 3862 415 3904 wie
421 3861 456 3904 die
463 3863 616 3908 Verwandten
628 3863 832 3908 sicbsnsdriickten
840 3892 846 3913 ‚
861 3876 891 3904 an
897 3862 1004 3904 Giohtirn
1011 3861 1196 3917 nlagensrertess’

150 3945 199 3999 (33)
217 3943 340 3986 Fnonrnr’s
356 3942 419 3985 Neue
431 3941 541 3997 Nonacri,
557 3944 622 3989 1837.
645 3945 704 3990 Bnd.
719 3946 741 3988 1.
756 3930 922 4002 luidb-270.
938 3938 975 3988 Cf.
990 3939 1137 3988 Edinlmsd.
1150 3941 1195 3986 and

118 4030 190 4082 Surg.
207 4027 288 4070 Journ.
303 4025 353 4066 Oct.
373 4022 437 4067 1836.
