2754 4710
470 481 689 539 -tttae

126 637 136 696 i
171 651 339 713 eorrsecrata
365 653 408 701 est
438 641 515 724 (81).
561 644 606 703 lta
635 643 725 702 etiam
745 644 939 722 Sicyonenses
962 643 1134 717 tradebant,

125 744 289 823 culapiurn,
318 746 455 808 draconis
480 747 585 808 induta
611 747 725 827 speeie,
752 747 904 826 Epidauro
921 748 1072 808 mulorum
1091 747 1139 805 bi·

125 849 163 909 ad
179 872 210 908 se
226 871 287 910 esse
309 851 498 930 deportatum
516 850 594 932 (82).
635 853 719 924 Quae
745 873 838 932 quum
867 853 910 910 ita
940 860 1052 927 essent,
1081 851 1139 908 mi-

125 975 133 1011 ι
172 975 232 1012 non
264 965 325 1031 est,
358 956 522 1035 inpostores
555 968 705 1036 serpentes
733 957 918 1032 adhibuisse,
951 967 984 1015 nt
1013 955 1141 1034 populus

125 1055 208 1132 leret,
226 1058 304 1139 ipsos
328 1079 388 1119 esse
413 1061 576 1120 sacerdotes
604 1060 657 1120 Dei
682 1061 851 1140 Aesculapii
871 1061 995 1140 ejusque
1020 1058 1141 1118 oracula

125 1181 166 1235 e,
186 1162 232 1222 uti
249 1163 548 1242 secitpseudomantis
565 1164 617 1223 ille
636 1167 814 1245 Alexander,
830 1165 895 1245 qui,
911 1185 1004 1244 quum
1013 1183 1139 1242 anguem

125 1265 181 1342 iis,
202 1267 256 1347 qui
279 1289 371 1346 prope
396 1269 508 1332 Pellam
530 1270 563 1329 in
583 1270 749 1329 llacedonia
768 1270 940 1349 irequenter
957 1277 1137 1340 occurrunt,

125 1380 203 1446 sset,
229 1391 300 1449 prae
331 1393 360 1430 se
385 1373 474 1449 tulit,
501 1373 557 1432 hoc
582 1375 696 1435 animal
716 1396 776 1439 esse
798 1373 1008 1454 Aesculapium
1021 1374 1138 1451 ipsunt,

147 1493 184 1532 ex
210 1495 268 1533 ovo
287 1466 324 1533 ad
344 1477 492 1554 ternplum
511 1477 600 1556 liujus
622 1477 678 1539 Dei
695 1479 852 1558 prodiisset
872 1478 950 1557 (83).
992 1475 1028 1536 In
1047 1475 1140 1535 medi-

125 1601 131 1635 t
159 1587 277 1652 antem,
298 1579 427 1655 quaein
448 1581 564 1660 templis
587 1584 797 1656 exercebatur,
819 1603 937 1661 magnas
955 1592 1053 1660 partes
1069 1600 1140 1660 age·

125 1692 135 1740 t
164 1703 291 1762 angues,
324 1685 404 1763 qnod
434 1706 463 1744 v.
488 1709 514 1744 c.
544 1687 655 1764 optime
682 1697 817 1766 patetex
837 1685 1028 1760 narratione,
1049 1704 1140 1762 quam

125 1785 394 1865 i1Aristopbanem
424 1789 497 1848 facit
515 1809 617 1850 servus
655 1790 764 1857 Carion
785 1790 926 1858 rationis,
951 1810 1012 1868 qna
1038 1787 1143 1872 Plutus

125 1913 159 1959 rra
182 1891 323 1953 coecitate
354 1902 418 1951 erat
445 1903 585 1954 sanatus:
616 1914 724 1973 angues
759 1894 841 1952 enim
873 1893 961 1970 hujus
988 1892 1142 1972 palpebras

125 1997 328 2078 umlingebant
354 2000 430 2080 (8²1).
484 2001 519 2060 ln
556 2000 789 2080 Epidauriorum
827 1999 947 2078 regione
992 1994 1141 2075 imprimis

125 2123 168 2166 us¹
192 2101 342 2181 quoddam
383 2103 528 2182 anguium
556 2102 778 2182 reperiebatur,
800 2101 872 2182 qui,
898 2100 984 2160 fulvo
1020 2101 1118 2158 colore
1130 2145 1139 2174 ,

125 2204 295 2286 sinibusque
321 2185 454 2284 cicures,
473 2207 686 2288 praecaeteris
708 2206 848 2265 omnibus
870 2203 1046 2285 Aesculapio
1065 2201 1142 2264 sacri

125 2311 250 2377 ebantur
264 2313 342 2393 u35).
383 2312 523 2373 Aelianus
541 2313 623 2373 hunc
642 2333 769 2393 anguem
792 2317 862 2386 ὅφιν
878 2321 1000 2391 scopatur
1021 2331 1140 2386 vocans,

135 2415 306 2495 descripsit:
335 2433 349 2475 n
359 2415 412 2476 Est
426 2416 513 2494 igneo
531 2417 643 2491 colore,
667 2417 814 2478 acerrimo
834 2417 988 2476 oculorum
1006 2436 1095 2475 seusu
1113 2423 1144 2473 et

125 2538 231 2596 pore:
261 2519 340 2579 nibil
360 2519 522 2580 mordendo
545 2532 650 2598 uocet,
669 2522 720 2582 sed
741 2521 824 2583 mitis
847 2531 907 2593 est,
936 2520 1145 2610 undelhuma-

125 2623 189 2703 imp
220 2627 351 2686 Deorum
377 2627 554 2705 Aesculapio
585 2628 683 2704 ipsum
711 2635 923 2685 consecrarunt
948 2634 978 2684 et
998 2625 1064 2701 ejus
1084 2624 1143 2683 mi·
1240 2633 1242 2637 ’

125 2748 198 2801 rum
220 2748 284 2794 esse
309 2727 520 2807 praedicarunt
540 2727 640 2808 (86).’'
684 2727 853 2806 Aesculapii
881 2737 1048 2806 serpentem
1075 2726 1143 2786 iles-

125 2834 153 2893 it
192 2833 343 2895 Nicander
376 2836 560 2908 caeruleum,
601 2826 698 2892 forma
724 2840 939 2911 praestantem,
981 2829 1148 2887 euidentes

125 2939 231 3015 gemino
259 2939 375 3018 agmine
406 2948 477 2998 sunt
497 2939 611 3015 juncti,
648 2938 746 2996 oculos
774 2956 893 3016 magnos
927 2944 961 2993 et
986 2932 1146 3012 supercilia

125 3063 165 3102 rsa
179 3040 340 3127 habentem
361 3062 429 3100 cum
446 3039 536 3099 barba
555 3041 652 3123 flava:
673 3042 737 3118 ejus
756 3061 871 3102 morsus
889 3060 951 3098 non
964 3039 1054 3099 laedit
1067 3035 1144 3118 (87)·

136 3147 337 3226 descriptione
362 3157 462 3226 patet,
488 3167 549 3205 non
573 3146 610 3205 de
627 3146 733 3206 iisdem
761 3145 904 3224 anguium
920 3143 1070 3222 speciebus
1094 3141 1145 3201 hic

125 3274 233 3312 nonem
255 3273 335 3328 esse,
357 3272 448 3332 quare
467 3261 497 3310 et
531 3251 674 3330 Sprengel
692 3251 772 3309 inter
795 3258 952 3326 utramque
970 3245 1146 3325 distinguit,

125 3379 193 3421 uem
210 3378 249 3418 ex
265 3358 384 3418 Aeliani
405 3358 619 3438 descriptione,
633 3357 697 3441 ¹qui
716 3353 862 3435 Epidauri
882 3353 1033 3424 alebatur,
1057 3351 1146 3410 colu-

125 3532 294 3551 ...Μ

128 3651 468 3712 l)L1vrrEpit.iule,.X1.
492 3650 528 3692 Ol.
548 3650 640 3715 Vacua.
662 3647 726 3691 Max.
745 3647 764 3689 l.
778 3649 801 3689 8.
817 3648 839 3689 2.

125 3737 147 3792 l)
163 3738 231 3779 Paua.
248 3735 282 3778 11.
300 3732 335 3777 10.
852 3768 854 3773 ,
1032 3728 1039 3762 t'

125 3820 147 3872 ὅ)
163 3818 260 3860 Lucus.
275 3815 386 3859 Alexand.
400 3814 517 3856 Pseudom.
532 3828 552 3856 c.
569 3813 603 3858 15.
619 3814 655 3857 Cs.
671 3828 691 3856 c.
705 3812 742 3858 26.
758 3813 796 3864 (T.
812 3813 844 3855 11.
866 3827 889 3867 p.
901 3810 956 3878 ⁸222.
971 3827 992 3867 p.
1008 3813 1078 3868 ibi),

125 3901 146 3953 4)
163 3899 290 3940 Asrsrorn.
309 3896 372 3955 Plut.
387 3911 420 3938 vs.
437 3895 488 3940 736.
877 3893 924 3949 (85)
940 3898 1007 3942 Pius.
1022 3898 1054 3941 ll.
1077 3895 1112 3937 28.

125 3982 145 4038 b)
162 3982 262 4023 Arana.
276 3961 337 4023 Hist.
353 3976 453 4021 Animal.
475 3978 525 4020 Lib.
541 3980 612 4024 Vlll.
633 3995 652 4022 c.
670 3977 703 4021 12.
725 3993 747 4034 p.
762 3979 812 4022 463.
828 3977 935 4021 Gnouovs

125 4061 146 4119 7)
163 4061 266 4104 Nrcruu.
282 4060 386 4102 Theriac.
402 4074 435 4102 vs.
450 4060 500 4103 438.
