2724 4702
576 438 825 496 -78-4'

137 623 232 683 neque
263 603 299 659 ab
320 599 474 681 Aegyptiis
504 599 674 678 reciperent
689 600 845 660 israelitae
870 602 962 660 ritum
984 603 1163 665 cadaverac

129 709 237 768 ‘diendi
257 719 287 766 et
304 710 334 766 in
353 706 472 765 aedibus
488 704 682 780 adservandi,
704 725 789 783 qnae,
813 704 911 763 sinon
931 704 1030 763 debita
1050 728 1125 766 cura
1144 708 1163 767 st

136 824 202 872 sent
228 812 368 887 condita,
389 812 422 870 in
450 809 641 890 putredinem
670 810 759 869 facile
778 810 953 870 transirent.
994 811 1042 872 Ex
1062 814 1163 894 iis,q

137 920 196 999 (vs.
227 916 289 998 16.)
310 917 472 976 dicuntur:
505 914 662 994 »Quisquis
681 915 735 974 snb
755 914 805 972 dio
825 913 886 972 telo
904 914 1045 989 occisum,
1066 926 1121 975 aut
1136 937 1163 975 m

133 1032 240 1093 tuum,
274 1030 327 1080 aut
357 1041 421 1080 ossa
450 1019 600 1097 humana,
630 1029 684 1079 aut
703 1019 896 1099 sepulchrum
915 1019 1065 1099 tetigerit,
1088 1021 1163 1100 pollr

135 1137 197 1186 esto
231 1137 344 1206 septem
369 1125 475 1196 dies,''
501 1124 681 1202 plerissimus
709 1120 883 1186 Michaelis·
897 1125 1038 1201 conficit,
1066 1147 1134 1199 eos,

136 1233 250 1312 proelio
275 1231 379 1311 aliquo
406 1229 596 1303 cecidissent,
616 1231 744 1291 studiose
761 1251 823 1291 esse
842 1231 1027 1311 sepeliendos
1049 1231 1130 1314 (49).

136 1336 236 1397 verbis
259 1335 330 1394 solis
357 1333 479 1415 quidem
505 1335 590 1414 qnasi
616 1335 762 1395 contrarii
788 1334 862 1414 quid
888 1334 1030 1394 conficere
1052 1337 1163 1415 possim

136 1441 197 1502 nisi
212 1442 272 1500 alio
288 1441 354 1499 loco
372 1440 422 1521 (V.
444 1441 517 1501 Mos.
535 1441 618 1510 XXI.
636 1440 701 1512 23.)
720 1440 870 1518 legislator
886 1439 1049 1515 vetuisset,
1076 1460 1116 1500 ue
1133 1463 1163 1500 os

136 1567 210 1604 vera
235 1545 358 1604 illorum
369 1589 378 1619 ‚
399 1545 452 1622 qui
471 1553 594 1624 propter
618 1544 745 1623 capitale
765 1545 880 1605 crimen
898 1544 1046 1623 supplicio
1065 1543 1163 1604 affecti

138 1658 258 1711 crucem
288 1649 349 1709 acti
378 1649 524 1724 fuissent,
551 1648 594 1707 ibi
622 1658 849 1728 pernoctarent;
881 1670 941 1729 qno
971 1649 1089 1708 abunde
1117 1659 1163 1730 pat

139 1754 251 1814 Mosem
271 1753 328 1812 hac
346 1753 409 1832 lege
428 1752 592 1812 certissime
609 1754 740 1813 noluisse
757 1752 908 1828 indicare,
930 1753 1074 1811 cadavera
1087 1754 1163 1814 hosti

135 1859 285 1938 insepulta
314 1878 383 1916 esse·
401 1857 609 1936 relinquenda·
651 1857 699 1916 Ex
722 1866 836 1916 attactu
858 1856 1104 1935 sepulchrorum,
1124 1880 1163 1940 qu

136 1964 297 2044 impuritas
308 1950 425 2044 septeni
443 1963 563 2022 dierum
582 1963 737 2050 oriretur,
757 1964 831 2021 clar.
850 1962 1005 2022 Michaelis
1032 1973 1138 2042 putat,

137 2067 199 2146 lege
211 2065 362 2127 Israelitas
373 2067 457 2145 quasi
474 2066 556 2146 cogi,
576 2075 711 2126 mortuos
728 2077 813 2128 extra
831 2067 919 2127 urbes
936 2076 967 2125 et
983 2067 1065 2129 vicos
1086 2071 1163 2149 sepel

638 2271 653 2346 ξ
674 2272 725 2331 36.

140 2532 144 2539 ,
181 2475 304 2550 Restat,
334 2484 369 2533 ut
393 2475 430 2534 de
447 2476 621 2554 impuritate
641 2497 681 2535 ex
699 2485 815 2536 attactu
837 2479 1014 2539 animalium
1034 2492 1163 2542 mortuos

138 2581 315 2658 loquamur,
347 2599 423 2658 quae
445 2579 483 2638 nd
510 2600 666 2660 vesperam
688 2600 778 2659 usque
796 2581 964 2661 perdurans
982 2601 1022 2641 ex
1044 2585 1163 2643 animal-J

141 2666 263 2743 mundis
285 2703 320 2741 ea
344 2684 552 2744 tantummodo
576 2684 841 2766 complectebatur,
867 2705 944 2765 quae
965 2707 982 2746 e
1001 2688 1104 2746 morbo
1122 2690 1163 2749 ali

139 2795 237 2848 essent
254 2798 374 2847 mortua
392 2789 461 2869 (lll.
481 2790 554 2850 Mos.
575 2792 631 2851 Xl.
648 2791 699 2867 39,
709 2789 780 2869 l10);
794 2811 833 2850 ex
842 2790 1006 2851 immundis
1019 2813 1093 2852 vero
1103 2815 1163 2854 omr

140 2890 294 2971 quodnam
321 2912 427 2952 eorum
455 2892 571 2959 suisset·
586 2894 691 2954 mortis
713 2914 804 2974 genus
824 2894 889 2973 (Ill.
912 2896 986 2955 Mos.
1009 2896 1061 2957 xl.
1082 2899 1163 2956 31-

138 2999 168 3067 8,
193 2989 313 3070 1‘1,2t,
336 2999 384 3070 25,
410 2989 556 3076 27-28).
599 2994 678 3058 Haec
706 2999 754 3060 lex
781 3000 944 3060 secundum
974 3002 1011 3072 cl,
1041 3003 1122 3063 Jahn
1154 3026 1163 3064 s

140 3097 280 3160 effectum
321 3073 484 3160 salntdrem
519 3101 660 3178 habebat,
701 3113 736 3163 ut
772 3104 926 3176 Israelitae
963 3126 1055 3185 quam
1093 3127 1163 3168 max

142 3212 239 3263 esseut
254 3203 398 3278 studiosi,
421 3215 458 3264 ut
479 3208 580 3266 omnia
599 3207 802 3268 animantium
827 3209 993 3286 cadavera,
1013 3189 1091 3292 qdae
1111 3191 1146 3273 in

141 3307 270 3386 publicis
285 3309 498 3385 offendissent,
519 3311 682 3391 sepelirent
700 3310 780 3396 (50).
822 3310 885 3372 Hoc
906 3325 984 3374 certe
1006 3322 1139 3391 constat,
1159 3343 1163 3374 .·

137 3394 248 3487 malis,
268 3434 330 3473 non
346 3414 443 3475 solum
455 3415 636 3493 domestica,
655 3417 812 3477 sedetiam
831 3418 894 3476 sera
919 3420 1063 3498 sepelire,
1086 3422 1111 3481 si
1129 3442 1163 3503 qt

141 3518 179 3577 do
198 3529 319 3579 mortua
338 3521 373 3579 in
390 3519 451 3579 viis
469 3519 704 3598 invenirentur,
727 3522 760 3582 in
779 3522 828 3582 his
839 3523 1008 3604 regionibus
1031 3525 1128 3586 ethis
1148 3537 1163 3586 1,

140 3623 263 3704 poribus
279 3644 342 3684 rem
361 3624 515 3684 insolitam
535 3611 597 3685 uon
622 3624 730 3685 fuisse:
754 3625 914 3706 Aegyptios
934 3639 1040 3689 narrat
1059 3629 1163 3689 Herod:

141 3749 204 3788 nou
223 3730 320 3789 solum
337 3751 434 3791 sacros
452 3742 604 3811 serpentes
615 3741 646 3791 et
661 3731 734 3792 seles
750 3742 781 3792 et
797 3752 895 3808 canes,
916 3733 966 3793 sed
985 3735 1077 3794 etiam
1096 3756 1163 3795 urso

173 3949 221 4005 (49)
238 3951 295 3994 Mos.
313 3949 442 4006 negt.1v.
459 3963 482 4007 p.
499 3949 552 3994 326.

172 4031 220 4091 (50)
236 4032 303 4076 Jahn.
320 4032 337 4078 l.
354 4045 376 4076 c.
391 4045 415 4093 p.
432 4031 485 4078 344.
