2754 4710
583 412 805 468 -ltt-

155 571 272 647 ‘frojam
285 569 449 629 obsidentes
460 579 592 646 vexaret,
607 571 746 643 Achilles,
760 582 795 630 ut
805 570 973 630 calamitate
992 573 1050 630 ista
1068 573 1222 632 liberaren-

153 684 214 749 tur,
226 675 326 748 suasit,
338 684 373 733 ut
384 675 513 753 aliquem
526 683 626 734 vatem
644 679 780 752 (μάντιν)
798 675 850 735 vel
860 675 1040 735 sacerdotem
1052 676 1164 757 (ἱερῇα)
1182 679 1224 737 rel

153 780 336 838 somniorum
349 780 541 859 interpretem
562 780 779 861 (ὀνειροπόλον)
802 762 1004 852 consulerent,
1029 783 1082 862 qui
1105 783 1224 853 diceret,

153 908 206 945 cur
215 896 369 965 tantopere
381 896 455 946 esset
466 887 559 944 iratus
569 885 703 945 Phoebus
723 886 828 964 Apollo
849 887 927 968 (75).
947 886 1070 966 Optime
1085 909 1125 947 ex
1145 887 1227 947 hocce

153 992 217 1079 loco
235 991 389 1050 llomerico
406 1000 505 1070 patet,
524 990 649 1069 quinam
667 1000 741 1050 tunc
757 993 899 1069 temporis
917 991 1055 1071 gravibus
1072 993 1107 1052 in
1125 994 1227 1052 morbis
1250 1010 1256 1025 ‘

151 1095 396 1161 consulerentur,
420 1107 451 1154 et
472 1094 637 1171 cujusmodi
653 1115 755 1153 eorum
783 1105 857 1153 esset
873 1095 1040 1171 medicina3
1068 1097 1132 1176 ipse
1152 1097 1227 1156 enim

149 1199 271 1259 calchas
291 1212 393 1273 vates,
416 1198 469 1277 qui
487 1198 556 1258 dein
577 1218 637 1257 sese
658 1199 786 1274 obtulit,
808 1220 869 1258 non
892 1201 1061 1259 naturalem
1080 1201 1227 1280 quandam

148 1303 313 1377 medelam,
334 1304 381 1362 sed
392 1302 539 1362 sacrificia
551 1313 581 1362 ct
593 1304 781 1364 lustrationes
792 1306 826 1363 in
845 1328 930 1366 nsum
955 1327 1060 1366 vocare
1076 1306 1179 1384 jussit,
1198 1321 1228 1367 ut

152 1411 234 1467 Deus
261 1409 355 1467 iratus
384 1409 563 1487 placaretur.
603 1410 704 1481 Quum
726 1411 823 1469 morbi
844 1413 979 1470 Deorum
1006 1412 1070 1469 irae
1084 1411 1227 1471 adscribe-

151 1523 275 1588 rentur,
298 1534 385 1571 nemo
406 1522 484 1572 certe
503 1515 678 1587 mirabitur,
704 1515 848 1594 populum
866 1515 902 1571 ab
926 1515 962 1572 iis
982 1515 1135 1574 auxilium
1156 1518 1229 1594 peti-

150 1618 245 1687 visse,
276 1617 329 1694 qui
352 1616 474 1675 arctiori
503 1617 716 1677 consuetudine
740 1639 809 1677 cum
827 1619 1047 1679 immortalibus
1066 1621 1115 1678 uti
1132 1621 1228 1679 crede-

151 1720 276 1796 bantur,
299 1722 401 1799 quales
419 1731 505 1779 erant
522 1731 605 1780 vates
625 1732 655 1780 et
677 1722 860 1798 sacerdotes,
880 1724 1068 1802 eundemque
1087 1747 1105 1782 a
1122 1726 1228 1784 sacrifi-

149 1825 220 1901 ciis,
251 1825 448 1902 caeterisque,
478 1845 554 1903 quae
578 1825 640 1884 Diis
656 1837 756 1904 gratae
775 1846 835 1891 esse
853 1827 1104 1887 existimabantur
1115 1875 1123 1902 ,
1145 1804 1241 1888 rebus·

147 1930 344 1989 certissimam
364 1930 533 1988 morborum
553 1930 697 1988 medelam
718 1940 908 2008 exspectasse.
950 1929 989 1987 Et
1007 1929 1090 2008 quod
1100 1931 1141 1989 ad
1155 1932 1227 2010 ipsos

148 2035 312 2095 sacerdotes
336 2045 480 2113 vatesque
508 2034 630 2105 attinet,
669 2035 734 2109 jam
762 2034 799 2091 ob
826 2032 904 2090 hanc
936 2033 1030 2111 ipsam
1058 2035 1226 2112 aequalium

147 2141 321 2219 opinionem
345 2150 433 2198 erant
457 2139 620 2218 aptissimi,
643 2138 698 2216 qui
714 2137 893 2195 medicinam
917 2123 1108 2213 exercerent,
1135 2138 1227 2219 siqui·

147 2243 215 2301 dem
242 2242 331 2318 fides,
351 2263 441 2322 qnam
460 2251 643 2321 aegrotantes
664 2242 779 2302 medico
797 2264 850 2300 suo
873 2242 999 2314 habent,
1021 2243 1059 2300 ad
1077 2264 1113 2302 ea
1134 2249 1228 2324 perti·

146 2356 213 2418 net,
236 2347 342 2424 quibus
363 2346 476 2404 sanatio
493 2366 583 2423 qnam
600 2346 732 2404 maxime
749 2356 956 2426 promovetur.
1001 2346 1058 2406 lloc
1076 2348 1225 2429 imprimis

146 2450 228 2507 valet
256 2450 292 2506 de
322 2449 381 2530 iis,
406 2449 443 2506 de
471 2449 578 2528 quibus
605 2469 684 2506 nunc
712 2469 808 2506 sermo
828 2460 889 2526 est,
912 2452 1114 2530 temporibus,
1136 2475 1229 2532 quum

146 2574 195 2610 ars
216 2552 330 2610 medica
355 2551 440 2610 rudis
462 2561 551 2622 esset,
579 2551 778 2610 remediorum
799 2563 899 2610 autem
922 2574 1065 2613 numerus
1084 2556 1230 2616 minimus

147 2666 177 2715 et
200 2675 240 2713 ex
265 2654 491 2734 simplicissimis
510 2664 665 2732 constans,
687 2674 841 2736 quumque
860 2659 958 2717 morbi
977 2659 1124 2720 acutioris
1143 2682 1231 2740 gene-

147 2761 189 2820 ris
201 2805 210 2835 ,
234 2768 324 2837 atque
350 2780 509 2838 corporum
538 2760 765 2819 constitutiones
792 2761 938 2820 firmiores
962 2773 1071 2835 essent,
1097 2765 1175 2823 adeo
1199 2777 1233 2825 ut

147 2865 226 2922 vitae
244 2863 389 2942 regimine
406 2864 538 2942 legitimo
559 2863 713 2923 observato
725 2886 779 2944 per
797 2867 886 2925 crises
904 2868 1046 2928 salutares
1063 2868 1097 2926 in
1118 2873 1233 2931 sanati-

146 2990 233 3029 onem
264 2969 347 3027 exire
375 2978 524 3040 amarent,
555 2969 716 3028 dnmmodo
743 2971 837 3028 animi
863 2972 1066 3051 tranquillitas
1092 2975 1233 3054 corporis

146 3073 242 3154 quieti
259 3081 289 3130 et
306 3071 422 3131 debitae
442 3072 658 3148 abstinentiae,
680 3074 788 3151 quibus
807 3075 972 3135 etiamnum
983 3076 1123 3156 plerique
1133 3081 1235 3139 morbi

145 3186 308 3252 sanantur,
337 3175 498 3236 accederet.
540 3176 597 3236 Sed
623 3189 741 3255 praeter
767 3177 843 3236 lianc
864 3198 901 3236 er
925 3178 1148 3257 aegrotantium
1174 3182 1233 3242 fide

145 3283 329 3360 desumptam
351 3281 498 3340 rationem
523 3281 613 3365 etiam
638 3280 714 3338 aliae
733 3289 820 3352 sunt,
845 3301 918 3358 quas
944 3291 1067 3360 propter
1091 3302 1110 3339 a
1132 3304 1234 3344 sacer-

143 3386 261 3446 dotibus
287 3387 466 3467 ratibusque
496 3387 608 3466 optime
634 3384 783 3444 medicina
809 3385 1011 3446 exercebatur.
1052 3387 1110 3445 llos
1137 3409 1232 3467 penes

144 3492 225 3550 enim
258 3500 324 3549 erat
353 3491 452 3550 omnis
481 3490 605 3549 scientia
634 3500 664 3548 et
692 3489 844 3565 eruditio,
874 3510 950 3569 quae
980 3499 1052 3550 tunc
1081 3493 1233 3572 temporis

145 3594 226 3674 apud
254 3593 389 3653 homines
406 3595 661 3672 ¹reperiebantur,
689 3593 762 3672 quin
793 3593 856 3672 ipsa
886 3594 1028 3669 scientia,
1061 3614 1123 3673 qua
1156 3606 1232 3657 ante

144 3697 296 3774 aequales,
328 3698 428 3777 pecori
460 3684 491 3756 et
525 3698 602 3777 agris
636 3697 841 3757 tantummodo
869 3719 971 3757 curam
998 3699 1229 3778 impendentes,

143 3800 343 3876 excellebant,
371 3822 439 3862 cum
466 3810 530 3860 arte
555 3801 760 3887 vaticinandi,
791 3823 850 3881 qua
864 3803 955 3880 juxta
974 3801 1079 3885 populi
1104 3807 1233 3885 opinio-

146 3929 373 3943 affl

172 3997 219 4054 (75)
236 3998 266 4040 Il.
284 3998 316 4042 A.
332 4012 364 4039 va.
382 3998 418 4039 62.
484 3964 486 3971 v
