2754 4710
589 109 625 122 -
670 75 725 136 ms
763 106 806 161 f

146 238 317 321 aequalibus
335 238 480 298 eximium
498 239 646 299 medicum
668 259 728 299 esse
748 238 893 297 habitum.
935 236 1105 315 Cujusmodi
1124 246 1224 295 autem

144 344 213 419 ejus
240 341 387 401 medicina
416 341 510 401 fuerit
529 342 621 418 juxta
646 343 817 422 aequalium
834 341 1026 420 opinionem,
1050 361 1085 400 ex
1105 341 1172 399 loco
1187 358 1225 398 ex

147 449 291 509 Pausania
330 448 420 506 citato
450 447 596 507 conficere
623 469 796 527 possumus:
828 447 984 525 conjungit
1012 447 1093 504 enim
1123 455 1226 504 auctor

143 553 322 613 morborum
363 552 494 610 remedia
522 561 553 609 et
572 552 718 611 iratorum
759 555 891 610 Deorum
921 550 1122 630 placationes,
1151 567 1227 627 quae

145 658 237 723 simul
266 657 416 715 invenisse
454 656 607 735 Orpheum
638 656 729 714 dirit:
768 675 835 714 eum
865 653 992 732 quadam
1025 652 1090 711 veri
1130 652 1226 730 specie

148 770 280 819 statuere
306 779 476 838 possamus,
510 760 658 835 remedia,
678 778 756 838 quae
774 758 908 838 Orpheus
926 758 958 816 in
979 778 1065 816 usum
1086 756 1224 825 vocabat,

146 874 182 923 ut
205 864 340 939 morbos,
359 883 445 942 ·quos
471 865 522 922 Dii
541 865 611 923 irati
631 865 835 937 immiserant,
855 863 987 932 tolleret,
1011 860 1125 920 easdem
1148 863 1226 918 Deo·

131 979 218 1027 'rum
260 967 438 1046 placationes
474 968 592 1047 (τροπαὶ
632 980 800 1044 μηνιμάτων
837 967 930 1049 θεῶν)
971 976 1001 1025 et
1043 966 1228 1046 expiationes

146 1072 327 1155 (καθάρμοι)
361 1083 391 1131 et
427 1074 515 1132 initia
554 1074 698 1149 (τελετάς)
731 1071 840 1142 luisse,
878 1093 952 1150 quas
982 1071 1071 1129 simul
1090 1071 1229 1128 institue-

147 1187 208 1236 rat.
250 1176 383 1234 Eundem
410 1197 483 1233 vero
511 1176 734 1235 medicamentis
764 1176 887 1233 omniuo
915 1195 975 1232 non
1005 1196 1091 1233 usum
1118 1174 1224 1241 luisse,

148 1301 211 1338 non
233 1280 401 1337 affirmabo:
425 1280 501 1339 sorte
522 1281 662 1358 quasdam
686 1279 809 1348 herbas,
830 1299 905 1356 quus
927 1279 958 1335 iu
986 1277 1148 1336 itineribus
1169 1277 1229 1335 suis

145 1393 345 1462 cognoverat,
366 1383 519 1457 adhibuit3
537 1384 604 1458 sed,
622 1405 690 1442 cum
707 1383 817 1460 vulgus
839 1381 958 1439 morbos
983 1402 1042 1439 non
1063 1381 1122 1438 nisi
1142 1400 1230 1459 prae-

145 1487 380 1547 ternaturalibus
403 1488 541 1546 remediis
569 1489 668 1546 sanari
699 1506 781 1565 posse
810 1487 957 1560 crederet,
991 1486 1104 1544 sanatio
1128 1486 1228 1543 minus

144 1592 248 1652 herbis
275 1591 355 1666 illis,
385 1613 473 1669 quam
502 1591 623 1669 quidem
658 1589 912 1649 incantationibus
945 1588 1141 1647 tribuebatur.
1181 1591 1228 1647 De

144 1696 193 1755 his
220 1704 319 1753 autem
349 1695 432 1753 nobis
455 1694 533 1751 idem
564 1693 733 1774 ac‘Clerioo
760 1701 804 1750 est
832 1691 1071 1765 observandum,
1091 1691 1225 1766 scilicet,

144 1821 195 1859 eas
218 1809 282 1858 tum
303 1807 503 1878 aegrotantes,
528 1807 593 1857 tum
619 1797 769 1856 medicum
789 1796 888 1874 ipsum
906 1795 1023 1872 juvare.
1064 1794 1097 1853 ln
1117 1794 1227 1852 morbis

144 1907 228 1962 enim
258 1902 438 1961 sanabilibus
466 1904 528 1980 ipsa
557 1901 779 1980 imaginationis
800 1901 851 1960 sis
869 1901 1069 1959 remediorum
1090 1898 1227 1958 effectum

144 2027 327 2088 promovere
356 2006 495 2077 debebat,
526 2007 602 2086 quin
628 2007 720 2064 etiam
749 2005 912 2085 aliquando
940 2025 1042 2064 eorum
1064 2005 1170 2083 locum*
1184 2012 1230 2062 te-

148 2131 238 2185 nere3
271 2112 305 2170 in
334 2110 444 2169 morbis
466 2130 539 2168 vero
569 2111 788 2169 insanabilibus
809 2121 895 2168 erant
914 2110 1053 2169 solatium
1072 2121 1228 2186 aegrotan-

146 2214 226 2273 tibus
254 2211 313 2292 (l).
354 2213 549 2272 Curationum
581 2222 679 2272 autem
704 2215 741 2272 ab
768 2214 889 2292 Orpheo
914 2213 1119 2272 institutarum
1145 2212 1230 2270 nobis

148 2320 235 2404 nulla
258 2327 304 2378 est
328 2317 455 2391 tradita,
482 2327 552 2376 sunt
567 2318 705 2395 quidem,
723 2318 775 2395 qui
794 2317 986 2375 traditionem
1005 2317 1041 2374 de
1058 2337 1152 2375 uxore
1168 2315 1230 2374 Eu-

148 2424 249 2504 rydice
272 2424 309 2483 ab
332 2423 454 2503 Orpheo
482 2425 651 2483 carminum
673 2421 820 2479 suavitate
839 2441 875 2479 ex
898 2419 1006 2478 luseris
1027 2419 1152 2478 reducta
1163 2417 1228 2499 (2),

148 2529 193 2585 ita
214 2547 274 2586 esse
292 2527 515 2606 intelligendam
535 2528 656 2596 dicant,
685 2504 719 2582 ae
744 2525 768 2582 si
796 2544 849 2602 per
877 2522 1097 2583 incantationes
1120 2521 1227 2597 conju-

152 2651 218 2710 gem
244 2632 326 2710 gratu
357 2633 461 2692 morbo
490 2632 673 2689 laborantem
700 2637 829 2688 sanasset
860 2625 927 2704 (3);
960 2626 1050 2700 hujus
1081 2625 1126 2682 rei
1156 2644 1229 2682 vero

150 2747 265 2796 certum
288 2739 406 2798 uallum
434 2747 643 2816 argumentum
671 2735 801 2802 habent,
825 2732 876 2790 sed
895 2732 976 2791 nihil
996 2733 1054 2790 nisi
1075 2731 1228 2807 conjectu-

148 2863 214 2915 ras,
245 2862 322 2921 qliae
349 2843 435 2899 modo
462 2843 498 2900 ad
528 2841 742 2920 aegritudinem
771 2835 934 2894 mentalem
952 2835 1067 2894 morsui
1092 2834 1229 2892 draconis

148 2945 296 3022 similem,
324 2948 411 3005 modo
439 2947 476 3003 ad
507 2967 612 3005 rerum
643 2962 774 3001 morsum
810 2940 953 3020 serpentis
980 2949 1130 3018 spectant,
1168 2960 1229 3020 quo

144 3070 213 3108 cum
232 3049 311 3107 mori
331 3049 571 3128 periclitaretur,
595 3046 777 3106 carminibus
797 3068 863 3104 eam
882 3046 1063 3106 vivificasset
1085 3046 1227 3125 Orpheus.

145 3145 288 3211 Attamen
309 3175 377 3212 cum
400 3155 437 3212 de
460 3155 630 3213 efficacitate
651 3150 817 3209 carminum
839 3151 972 3230 Orphei,
990 3151 1034 3209 uti
1055 3171 1126 3209 mox
1148 3149 1229 3210 vidi-

143 3278 227 3329 mus,
258 3267 304 3316 tot
331 3268 471 3337 tantaque
498 3263 559 3316 siut
584 3256 708 3316 fabulati
727 3265 861 3330 veteres,
882 3255 1022 3335 equidem
1043 3254 1142 3334 potius
1160 3275 1229 3313 cum

174 3432 208 3488 (l)
225 3432 332 3474 Laesum
346 3432 406 3488 apud
420 3433 520 3482 lllauou,
540 3434 640 3476 Histoire
653 3436 679 3475 de
694 3435 714 3474 la
737 3432 850 3477 Medocina
870 3433 969 3488 eliuique
988 3435 1066 3489 depuis
1085 3449 1124 3476 son
1144 3432 1229 3488 origiue

138 3516 232 3574 jusqu'i
246 3531 285 3558 uos
297 3515 367 3571 jours.
390 3517 480 3564 Puris,
496 3516 560 3559 1804.
576 3532 598 3571 p.
617 3516 652 3559 12.

171 3598 206 3653 (2)
224 3599 295 3641 Dior.
316 3599 361 3640 Sic.
375 3599 404 3640 T.
420 3601 441 3639 l.
457 3613 480 3652 p.
496 3598 547 3642 271.
564 3600 632 3641 Psus.
649 3601 692 3642 lX.
708 3599 746 3641 30.
761 3600 881 3640 naasson.
895 3595 912 3640 l.
928 3614 948 3640 c.

168 3682 203 3739 (3)
222 3680 362 3728 Seruaeus,
383 3678 463 3720 Gesch.
480 3679 502 3723 d.
516 3679 630 3735 Aranayls.
647 3681 680 3722 ed.
699 3679 763 3724 1821.
778 3681 807 3724 T.
823 3683 842 3724 Ι.
852 3696 875 3737 p.
887 3680 936 3724 147.
952 3679 1107 3724 'l'zrrz.Chil.
1123 3679 1155 3719 ll.
1173 3676 1224 3719 244,
