2754 4710
556 477 775 536 -139-

131 633 248 692 morbos
278 634 439 693 sarramlos:
457 635 518 694 *sed
545 637 632 716 longe
662 620 761 696 temen
791 637 887 710 abest,
917 625 952 696 ut
977 637 1057 697 hanc
1084 633 1123 694 ob
1140 612 1203 694 rein

131 722 301 810 credamus,
334 737 490 797 Herculem
520 739 704 815 Thebanum,
728 742 812 800 iovis
844 751 876 799 et
903 742 1062 800 Alcmenae
1088 741 1201 808 filium,

51 836 54 843 ’
133 843 173 899 ob
192 862 244 917 ea,
266 850 344 921 quae
370 843 407 901 de
432 844 582 904 medicina
600 847 713 926 egregie
734 855 903 921 meruerat,
925 846 1045 904 divinos
1062 843 1206 924 accepisse

133 945 272 1018 honores,
297 959 327 1005 et
351 948 422 1007 inde
445 950 482 1007 ab
506 950 597 1009 initio
609 997 617 1026 ,
638 971 708 1010 cum
729 952 761 1010 in
785 953 916 1010 Deorum
935 971 1060 1010 numero
1075 970 1208 1010 recense-

132 1061 230 1124 retur,
263 1059 404 1131 tanquam
417 1057 526 1137 ⁴ileum
549 1055 718 1116 ‘medicinae
742 1055 900 1114 tutelarem
919 1055 1093 1113 invocatum
1105 1053 1207 1112 fuisse.

133 1155 247 1214 Omnes
276 1161 356 1215 enim
387 1181 404 1217 a
433 1179 480 1217 me
507 1159 592 1218 citati
616 1169 750 1219 auctores
775 1161 812 1218 ad
833 1161 1021 1220 recentiores
1035 1160 1208 1238 pertinent,

133 1261 190 1339 qui
216 1261 379 1339 vixerunt,
414 1286 472 1343 quo
496 1269 631 1346 tempore
654 1264 761 1324 Graeci
791 1263 849 1342 ipsi
875 1265 948 1322 alios
973 1263 1114 1322 Hercules
1140 1282 1209 1322 com

135 1365 279 1425 Thebano
307 1369 534 1429 confundebant.
577 1368 728 1448 imprimis
752 1389 819 1426 cunr
840 1369 894 1426 hoc
915 1367 1067 1438 Herculem
1087 1367 1209 1426 Creten·

134 1491 196 1528 sem
226 1473 336 1530 montis
358 1473 443 1550 idae,
473 1495 564 1532 unum
590 1495 626 1534 er
652 1476 849 1555 Dactylorum
869 1495 1013 1549 numero,
1032 1483 1062 1532 et
1081 1472 1213 1532 Phoeni·

135 1595 205 1634 cum
236 1575 416 1653 Herculem,
443 1580 497 1658 qui
524 1580 603 1659 apud
633 1580 687 1640 hos
722 1580 844 1639 nomine
873 1579 1021 1640 hieikarth
1047 1576 1208 1658 gaudebat,

136 1679 354 1756 confuderunt3
378 1684 450 1742 adeo
477 1695 510 1744 ut
536 1685 650 1744 suerint
673 1686 799 1763 templa'
817 1682 935 1743 Herculi
965 1685 1080 1752 dicata,
1113 1700 1208 1760 quae,

134 1783 206 1842 iicet
231 1807 249 1842 a
269 1787 418 1865 plerisque
440 1787 585 1847 Hercules
613 1788 696 1847 hicce
723 1809 777 1867 pro
799 1787 1026 1867 Amphitryonis
1043 1787 1104 1844 filio
1121 1785 1212 1864 habe-

136 1897 239 1964 retur,
265 1891 302 1946 ob
327 1899 503 1949 vetustatem
526 1891 583 1970 ipsi
600 1892 762 1950 Pausaniae
778 1893 957 1968 videbantur
976 1913 1037 1950 non
1053 1891 1143 1965 hnic,
1161 1889 1211 1948 sed

138 1979 259 2052 Herculi
271 1993 357 2052 idaeo
367 1994 455 2053 fuisse
466 2005 616 2053 exstructa
626 1993 710 2074 (56),
721 2005 751 2055 et
762 2006 794 2056 ut
806 1996 862 2075 ipsi
873 1994 976 2053 Thasii
986 2041 995 2070 ,
1012 1995 1067 2073 qui
1083 1993 1209 2052 eundern

137 2117 171 2156 ac
185 2096 270 2176 Tyrii
281 2107 311 2156 et
331 2097 489 2157 Phoenices
507 2098 661 2158 Herculem
683 2100 834 2173 colebant,
853 2099 1010 2178 Olympiae
1029 2096 1145 2163 Herculi
1159 2116 1213 2157 suo

137 2201 328 2260 simulacrum
341 2201 475 2262 dicarent
486 2202 592 2262 iisdem
609 2203 785 2283 insignibus,
796 2224 867 2262 arcu
877 2223 983 2281 nempe
993 2212 1024 2260 et
1035 2202 1130 2276 clavo,
1143 2191 1213 2280 qui-

139 2306 193 2364 bus
201 2305 412 2366 Thebanorum
424 2309 570 2384 Hercules,
577 2309 756 2368 instructum
766 2307 841 2389 (57).
852 2307 939 2380 Quod
947 2316 1047 2365 antem
1056 2306 1093 2364 ad
1103 2306 1214 2365 Hercu·

137 2410 196 2468 lem
207 2409 326 2470 Idaeum
336 2412 453 2488 attinet,
465 2413 614 2472 Diodorus
624 2413 752 2486 Siculus,
764 2433 856 2492 quum
870 2413 942 2472 huic
956 2411 1097 2472 ludorum
1107 2398 1218 2489 Olym·v

140 2512 276 2590 picorum
287 2514 507 2574 institutionem
517 2505 677 2593 adscribit,
691 2518 873 2578 recentiores
889 2515 973 2591 dicit,
984 2516 1115 2575 nominis
1130 2514 1215 2573 simi-

135 2615 263 2675 litudine
280 2620 313 2679 iu
330 2638 464 2677 errorem
482 2621 607 2698 ductos,
630 2623 776 2682 hesiodos
795 2612 943 2693 Herculi,
966 2620 1124 2681 Alcmenae
1142 2617 1214 2689 filio,

136 2719 356 2797 adscripsissse:
378 2742 466 2799 quem
486 2742 617 2782 errorem
634 2727 724 2783 etiam
739 2746 774 2783 eo
798 2725 917 2805 probari
944 2725 1038 2801 dicit,
1060 2723 1139 2803 quod
1150 2732 1216 2782 tum

140 2841 261 2899 quoqne
292 2823 430 2881 mulieres
452 2824 670 2887 incantationes
696 2830 733 2887 ab
758 2850 793 2888 eo
818 2829 998 2888 deducerent
1029 2837 1059 2886 et
1085 2829 1216 2886 amuleta
1250 2872 1253 2878 .

140 2931 306 3002 gestarent,
325 2925 410 3002 quasi
428 2927 491 3005 ipse
507 2930 612 2990 suisset
626 2953 727 3008 magus
749 2935 881 3016 (yorinu)
902 2941 933 2991 et
952 2954 1049 2992 sacras
1066 2950 1216 2989 caeremo-

142 3028 207 3087 nias
236 3038 405 3103 tractasset3
441 3051 517 3109 quae
543 3035 629 3114 plane
658 3037 763 3096 differe
780 3059 798 3095 a
818 3046 926 3095 natura
956 3036 1121 3112 (coaptato)
1141 3033 1217 3093 Her-

141 3127 227 3210 culis,
250 3135 409 3196 Alcmenae
429 3136 495 3214 filii,
516 3136 591 3199 dicit
610 3138 688 3220 (58).
727 3136 831 3220 itaque
850 3139 990 3198 Hercules
1008 3138 1111 3196 idaeos
1131 3138 1218 3213 juxta

172 3336 219 3392 (56)
235 3338 270 3380 De
283 3336 456 3392 Thespiensiutn
474 3335 574 3379 Hercule
587 3337 618 3380 cf.
633 3337 700 3380 Paos.
716 3334 760 3378 IX.
776 3332 812 3378 27.
826 3332 850 3375 in
864 3332 915 3375 tine.
934 3333 995 3376 idem
1008 3333 1075 3376 etiem
1089 3334 1216 3390 Erythrae-

141 3434 206 3462 orum
224 3421 346 3462 Herculem
358 3419 426 3465 babet
438 3419 559 3461 Herculem
573 3418 673 3463 Idaeum.
705 3407 742 3463 cf'.
757 3420 784 3461 P.
799 3432 822 3460 v.
836 3417 948 3458 Limus
961 3396 1095 3466 Bnouivsn,
1114 3416 1176 3458 illst.
1191 3415 1217 3457 de

141 3502 158 3544 i.
174 3501 219 3544 civ.
232 3502 255 3545 d.
275 3503 318 3545 Gr.
332 3503 362 3547 Τ.
377 3502 397 3544 1.
412 3515 436 3557 p.
456 3497 507 3545 256.
522 3507 598 3545 annot.
613 3500 656 3552 92,
676 3501 715 3555 qui
727 3514 741 3542 a
762 3499 873 3542 Pausania
893 3498 934 3540 hac
954 3499 979 3542 in
990 3512 1015 3541 re
1034 3498 1138 3560 differens
1150 3497 1215 3555 ,hunc

143 3583 321 3639 Erythraeorum
328 3574 532 3626 Herculem‘habet
544 3583 659 3626 Meikarth
666 3583 803 3627 Phoenicum
811 3563 971 3639 etTpriorum.
988 3574 1027 3625 cf.
1043 3581 1111 3624 Pius.
1126 3577 1217 3627 vna.

90 3714 93 3719 ,
174 3659 222 3722 (57)
238 3669 306 3711 Paos.
321 3670 352 3712 V.
366 3665 403 3711 25.
418 3669 453 3711 De
466 3669 506 3710 hoc
525 3668 597 3724 Tyrio
609 3664 707 3710 Hercule
726 3657 945 3707 aThasiistdorato
958 3663 989 3707 cf.
1010 3664 1103 3706 Hauon.
1125 3664 1159 3706 11.
1179 3663 1216 3706 44.

142 3753 176 3797 D'e
191 3750 301 3795 eademst
314 3744 410 3802 honore,
430 3764 474 3806 quo
487 3753 547 3808 apud
559 3751 642 3808 Tyrios
654 3753 715 3800 erat,
735 3749 796 3791 etde
813 3762 890 3809 eorum
903 3759 964 3790 more
971 3777 979 3797 ,
993 3746 1046 3789 huic
1067 3736 1119 3788 Deo'
1132 3744 1218 3800 templa

143 3833 287 3882 exstruendi,
300 3847 432 3899 quocunque
446 3835 471 3876 in
483 3833 538 3876 ioco·
546 3835 643 3877 colonias
656 3823 791 3883 statuebant,
805 3832 836 3875 cs.
852 3833 947 3875 sisino.
963 3831 1015 3874 Lib.
1030 3830 1077 3876 XV
1079 3826 1106 3874 1.'
1115 3846 1138 3887 p.
1149 3817 1214 3872 iuss.

140 3917 168 3959 B.
183 3917 253 3975 Dran.
272 3917 318 3960 διε.
339 3915 390 3960 Lib.
409 3919 441 3963 V.
454 3933 474 3962 c.
489 3918 526 3963 20.
544 3917 583 3970 (T.
598 3919 617 3962 l.
633 3932 656 3972 p.
671 3914 734 3971 345.)
749 3916 802 3959 Lib.
817 3915 871 3958 XX.
886 3929 906 3959 c.
923 3915 957 3959 14.
973 3912 1011 3970 (Τ.
1027 3912 1048 3958 2.
1069 3926 1093 3970 p.
1109 3904 1172 3969 tib.)

169 3995 216 4052 (58)
232 4000 305 4040 Dran.
320 3999 365 4040 Src.
380 3999 409 4042 T.
426 3997 445 4042 l.
462 4014 484 4054 p.
499 3998 551 4042 243.
565 3998 602 4043 Cf.
618 4013 641 4055 p.
657 3996 711 4041 382:
740 4000 775 4041 De
788 3996 887 4040 Hercule
898 3997 961 4040 Idaeo
974 3997 1079 4039 ludorum
1091 3994 1215 4050 olympico-

140 4095 191 4123 run
207 4081 337 4123 insinuare
349 4079 380 4124 cr.
401 4058 468 4124 rius.
482 4083 512 4127 v.
530 4083 551 4125 7.
567 4082 604 4124 cr.
620 4082 662 4124 ur.
679 4079 715 4122 27.
730 4082 761 4125 v.
775 4082 797 4122 s.
829 4078 904 4122 ruam
918 4079 1016 4122 amn.
1033 4077 1084 4120 oss.
1099 4076 1171 4122 vm.
1192 4090 1213 4130 p.
