2754 4710
588 441 787 499 ..(3-

146 618 275 680 puerum
291 595 496 661 Christianum
507 599 620 659 llumen
631 610 844 678 transeuntem,
862 605 946 679 cujus
957 606 1146 686 praeputium
1155 606 1227 667 adeo

143 717 209 766 erat
236 707 347 781 breve,
371 716 404 764 ut
436 727 504 766 eum
522 703 737 771 circumcisum
756 728 817 768 esse
840 708 990 785 crederet,
1012 711 1066 771 sibi
1084 734 1157 774 vero
1176 736 1226 774 ro-

142 811 244 891 ganti,
266 831 306 868 an
324 810 381 869 hoc
399 811 461 887 ita,
485 818 517 870 ut
536 811 676 890 putabat,
698 819 789 885 esset,
814 813 997 892 respondisse
1016 836 1083 892 eos,
1106 818 1160 897 qui
1180 819 1229 897 ip-

143 936 209 973 sum
240 914 480 989 comitabantur,
498 914 610 994 vitium
635 915 695 974 tale
713 916 883 996 saepissime
913 938 1067 979 occurrere
1085 922 1165 1001 apud
1180 943 1228 982 eos

144 1019 298 1091 homiues,
330 1019 385 1098 qui
418 1019 606 1081 decrescente
626 1020 832 1081 lunufuerant
853 1023 927 1082 nati.
969 1022 1015 1082 Ex
1037 1024 1118 1084 hisce
1134 1026 1228 1087 confi·

143 1143 210 1186 cere
237 1145 410 1204 possumus,
442 1125 524 1204 apud
547 1124 694 1185 Asiaticos
724 1124 762 1184 do
788 1125 873 1184 vitiis
899 1126 1062 1206 congenitis
1079 1130 1229 1209 praeputii

143 1231 223 1290 idem
248 1239 340 1309 atque
365 1230 445 1309 apud
473 1229 549 1289 alios
575 1230 710 1289 homines
737 1229 856 1302 valere,
889 1229 1005 1291 scilieet
1026 1240 1056 1289 et
1073 1232 1229 1310 praeputia

144 1334 247 1395 brevia
273 1345 305 1394 et
327 1335 414 1414 longa
431 1335 512 1413 apud
532 1355 581 1394 eos
597 1352 774 1408 occurrere,
797 1353 904 1394 verum
922 1354 978 1394 nec
1000 1355 1095 1394 unum
1114 1355 1169 1393 nec
1186 1337 1230 1393 al-

145 1436 240 1498 terum
259 1437 371 1497 vitium
396 1438 429 1507 in
444 1438 526 1499 bisce
547 1439 717 1518 regionibus
744 1437 832 1517 quasi
850 1457 913 1498 esss
929 1439 1126 1501 endemicum.
1172 1441 1231 1501 Ae·

146 1564 203 1621 que
236 1542 336 1603 minus
370 1542 530 1622 probatum
554 1551 611 1613 est,
645 1543 725 1622 quod
741 1543 778 1602 tle
799 1542 918 1605 ludaeis
944 1547 1042 1607 credit
1064 1547 1227 1623 Cullerier,

145 1667 248 1705 eorum
271 1645 386 1707 scilicet
415 1646 572 1725 plerosque
589 1645 677 1725 longo
694 1648 853 1726 praeputio
874 1659 983 1710 natura
1002 1627 1063 1711 esse
1081 1650 1229 1732 praeditos

147 1750 232 1831 (38);
261 1770 357 1828 neque
378 1751 489 1824 etiam,
520 1750 600 1828 quod
629 1750 727 1810 Bauer
747 1749 816 1830 (39)
838 1751 950 1831 aliique
969 1764 1095 1833 putant,
1118 1756 1230 1816 scilicet

145 1853 332 1913 circumcisos
355 1854 458 1934 prius,
489 1875 581 1933 quam
601 1855 803 1933 praeputiatos
822 1858 860 1926 ad
880 1859 994 1919 coitum
1012 1861 1228 1940 perficiendum

143 1969 226 2037 aptos
253 1957 329 2016 fieri.
358 1957 458 2029 Quare
480 1956 616 2015 lubenter
642 1957 712 2017 viro
731 1960 904 2022 doctissimo
923 1964 1110 2024 Rosenbaum
1128 1985 1229 2024 assen-

146 2067 205 2124 tior
227 2063 362 2139 dicenti,
386 2063 644 2123 circumcisionem
663 2065 849 2131 solummodo
859 2076 1017 2146 propterea
1027 2113 1037 2143 ‚
1058 2067 1137 2145 quod
1148 2089 1230 2128 mor·
1295 2064 1298 2071 ¹

144 2167 193 2228 bos
214 2190 232 2228 a
250 2167 428 2249 genitalibus
445 2176 547 2245 arcet,
570 2167 608 2226 ad
627 2167 743 2247 prolem
762 2189 953 2231 numerosam
970 2171 1146 2252 gignendum
1163 2193 1230 2252 pos·

144 2293 173 2332 se
190 2272 357 2349 inservire,
380 2264 508 2330 minime
526 2291 616 2347 vero,
641 2272 723 2351 quod
741 2274 932 2354 praeputium
949 2276 989 2337 sit
1005 2253 1221 2356 impedimento

143 2378 328 2458 generationi
354 2372 432 2458 (²10).

642 2587 657 2665 r
679 2589 729 2649 aa.

185 2799 278 2877 Magis
304 2798 511 2856 observatione
534 2797 677 2876 probatur
702 2797 799 2856 altera
830 2795 962 2872 utilitas,
985 2816 1077 2877 quam
1097 2798 1228 2859 circum·

142 2902 251 2962 cisioni
275 2900 417 2961 adscribit
444 2899 549 2977 Philo,
582 2908 688 2981 nempe
709 2922 777 2963 eam
803 2900 840 2959 ad
856 2891 1037 2962 munditiem
1052 2903 1227 2963 servandam

144 3005 319 3066 inservire·
353 3004 404 3065 Est
430 3025 482 3064 res
512 3005 633 3065 medicis
662 3005 837 3082 notissima,
870 3007 1027 3065 materiem
1058 3007 1225 3085 sebaceam‚

144 3132 234 3190 quam
253 3108 407 3190 glandulae
435 3108 560 3187 Tysonis
590 3108 625 3167 in
647 3108 708 3166 basi
732 3110 845 3188 glandis
869 3121 1046 3186 secernunt,
1068 3120 1178 3171 aestate
1198 3121 1229 3170 et

143 3217 177 3274 in
192 3214 360 3296 regionibus
377 3213 482 3274 calidis
503 3212 649 3294 copiosius
677 3213 792 3272 secerni
801 3261 811 3289 ‚
833 3213 987 3274 rancidam
1011 3214 1077 3272 fieri
1095 3225 1125 3274 et
1141 3213 1227 3294 saepe

142 3324 176 3382 in
192 3323 320 3384 frustula
339 3321 434 3395 coire,
460 3342 536 3401 quae
552 3321 746 3402 praeputium
763 3328 794 3378 et
812 3317 949 3399 glandem
970 3317 1096 3383 irritant
1113 3328 1143 3385 et
1154 3340 1227 3399 pru·

143 3428 234 3508 sigini
261 3426 484 3487 molestissimae
512 3435 543 3485 et
567 3424 802 3494 inflammationi
828 3423 938 3482 harum
967 3424 1101 3503 partium
1122 3443 1225 3482 ansam

143 3531 231 3609 dant,
254 3533 395 3615 inprimis
414 3530 495 3613 apud
513 3552 577 3606 eos,
602 3530 709 3611 quibus
731 3530 852 3611 longum
872 3536 917 3588 est
933 3527 1126 3616 praeputium
1146 3526 1224 3609 ((1).

142 3685 346 3701 *uu—‘tana—

175 3753 222 3810 (ss)
238 3755 340 3799 nistros.
361 3755 384 3795 a.
401 3753 437 3796 si.
454 3753 514 3796 usu.
531 3738 601 3816 rain.⁴
613 3751 676 3792 xm.
694 3765 716 3804 p.
733 3747 785 3791 325.

176 3839 222 3892 (39)
240 3840 274 3879 De
290 3851 356 3879 causa
370 3835 528 3878 foecunditatis
541 3833 612 3889 gentis
625 3833 777 3875 circumcisae.
794 3827 863 3887 Ispa
879 3831 943 3874 1737.
960 3833 1005 3875 lto.
1055 3846 1060 3855 ·

175 3918 222 3975 (ld)
240 3920 380 3963 Rossruauu
389 3948 395 3968 ,
411 3917 446 3960 die
462 3916 599 3959 Lustseucbe
614 3915 646 3957 im
661 3914 820 3958 Altertliume.
837 3911 928 3960 Helle,
952 3912 1015 3957 1839.
1031 3927 1053 3968 p.
1069 3912 1120 3956 367.

175 3999 221 4056 (tl)
238 4004 425 4047 tirannum,
442 4000 532 4042 Handb.
553 4000 591 4042 der
612 3998 730 4041 Anatomio
750 3999 787 4038 das
808 3996 943 4046 menschen,
964 3997 1109 4051 besorgtrou
1123 3997 1224 4041 Wma.
