2754 4710
660 476 878 536 ..102-

243 646 368 697 mortem
392 635 583 714 tranquillam
603 636 726 696 mitibus
743 637 808 713 ejus
825 637 893 696 telis
910 632 1096 715 adscripsisse
1114 634 1185 717 (80)
1205 634 1326 716 ipsum-

244 762 303 822 que
329 743 423 800 Deum
440 739 577 800 habuisse
592 739 712 816 mitem3
733 760 835 821 quare,
853 762 921 800 eum
938 742 1025 822 qnasi
1038 741 1237 800 euthanasiae
1254 760 1326 800 auc-

242 861 339 910 torem
356 848 437 928 apud
457 847 619 909 Homerum
636 868 710 922 esse,
730 857 865 908 autumat
895 850 968 907 clar.
985 867 1046 906 van
1065 845 1210 926 Limburg
1224 846 1324 907 Brou-

244 973 309 1011 wer
337 950 416 1032 (81).
457 951 517 1011 Alii
545 972 581 1012 ex
608 951 673 1030 ipso
702 930 848 1030 Apollinis
874 949 996 1009 nomine
1024 947 1204 1022 conficiunt,
1244 948 1326 1007 hunc

244 1059 342 1116 Deum
351 1055 411 1133 jam
419 1057 455 1115 sb
471 1056 562 1114 initio
570 1055 689 1116 Graecis
699 1055 798 1115 Deam
817 1064 1014 1128 tercentenas
1024 1053 1113 1113 molis
1135 1053 1325 1112 liberantem

244 1160 351 1219 fuisse:
375 1163 512 1219 ἁπόλλὼν
529 1159 610 1219 enim
631 1167 692 1235 est,
715 1159 802 1239 qnasi
820 1158 900 1218 dicas
920 1138 1067 1231 amittam,
1090 1178 1202 1218 arcens
1213 1203 1224 1234 ,
1255 1158 1329 1218 adeo

244 1274 279 1322 ut
310 1283 420 1321 nomen
444 1262 521 1322 illud
550 1283 619 1322 cum
644 1263 701 1339 iis,
730 1252 807 1342 quae
834 1275 932 1344 postea
964 1265 1093 1345 aceepit,
1130 1268 1320 1336 ἀλεξικακος,

245 1369 442 1445 ἀποτροπαιος
468 1375 542 1430 ete..
573 1366 661 1445 plane
685 1368 862 1429 conveniret
891 1369 968 1451 (82).
1018 1370 1102 1430 Licet
1124 1369 1326 1449 improbabile

227 1490 305 1555 rnon
324 1470 381 1544 sit,
397 1469 461 1546 jam
477 1469 646 1549 antiquitus
661 1471 831 1549 Apollinem
851 1475 955 1535 salutis
973 1484 1125 1534 auctorem
1151 1473 1322 1549 exstitisse,

250 1585 331 1634 certa
364 1573 489 1654 vestigia
518 1583 648 1650 tamen,·
669 1574 774 1652 quibus
803 1577 987 1654 indicemus,
1018 1598 1084 1637 eum
1117 1577 1209 1638 luisse
1229 1580 1328 1638 Deum

246 1680 448 1757 medicorum,
486 1700 548 1740 non
584 1681 642 1741 nisi
685 1682 763 1740 circa
806 1683 1082 1762 quinquagesimum
1110 1682 1324 1762 Olympiadem

246 1785 331 1865 (580.
353 1794 423 1844 ante
452 1785 537 1864 chr.)
565 1784 756 1859 offendimus3
785 1785 815 1844 in
834 1786 955 1865 hymnis
975 1785 1056 1844 enim
1072 1784 1234 1867 Orphicis‚
1254 1805 1323 1864 quos

242 1890 374 1949 Clemens
391 1887 613 1948 Alexandrinus
628 1887 741 1968 aliique
765 1887 833 1968 (83)
851 1889 887 1946 ab
905 1888 1098 1948 Onomacrito
1108 1934 1118 1963 ,
1136 1889 1195 1947 hoc
1214 1888 1320 1968 Olym·

242 1995 330 2073 piade
371 1994 513 2067 vivente,
536 1992 609 2054 'esse
666 1992 866 2072 conscriptos,
902 1991 1026 2066 dieunt,
1064 2000 1189 2049 vocatur
1227 1999 1322 2052 Παιάν

247 2103 323 2172 tritos
341 2098 419 2180 (84).
461 2098 506 2157 Er
523 2099 661 2177 tragicis,
691 2099 813 2158 comicis
842 2107 872 2155 et
897 2095 1001 2174 lyrieis
1021 2114 1142 2171 verum,
1158 2096 1214 2173 qui
1226 2105 1323 2176 posteo

246 2202 390 2260 vixerunt
399 2246 408 2275 ‚
428 2200 541 2279 optime
561 2210 658 2278 patet,
676 2209 751 2260 tunc
775 2199 916 2278 temporis
933 2199 1067 2257 omnium
1084 2219 1235 2259 consensu
1252 2201 1324 2260 artis

250 2307 415 2366 medicinae
442 2306 600 2365 tutelarem
626 2307 724 2365 Deum
756 2304 926 2382 Apollinem
952 2304 1072 2376 haberi,
1104 2324 1197 2383 quem
1229 2306 1326 2366 Ascle·

249 2409 349 2487 piades
395 2408 574 2467 medicinam
625 2409 759 2469 docuisse
799 2409 907 2468 dieunt
951 2407 1046 2491 (85):·
1086 2428 1198 2468 nomen
1220 2403 1326 2490 'ipsum

251 2517 441 2590 ἰατρόμαντις
450 2557 458 2585 ,
486 2511 565 2589 quod
585 2511 658 2570 huic
680 2513 744 2570 Deo
764 2511 953 2588 tribuerunt,
973 2511 1063 2590 probe
1094 2513 1198 2588 docet,
1217 2522 1221 2529 '
1237 2516 1327 2594 quam

249 2625 330 2675 arcte
352 2612 537 2673 vaticinandi
564 2618 658 2673 arteni
683 2635 752 2673 cum
776 2624 842 2674 arte
869 2616 1005 2676 medendi
1029 2637 1089 2676 esse
1110 2616 1327 2693 conjunctam,

279 2839 326 2893 (eo)
342 2839 385 2881 oa
407 2824 438 2876 0.
452 2851 487 2881 vs.
503 2835 633 2886 coense,
647 2836 685 2879 usi
706 2836 733 2878 (ιο
751 2836 844 2878 mausus
865 2836 915 2879 tens
933 2837 1046 2893 Apollinis
1070 2844 1094 2880 a
1117 2839 1207 2881 nanas
1228 2840 1329 2882 sumna

252 2929 303 2977 post
327 2922 415 2962 beatam
440 2919 527 2967 vitam,
549 2932 599 2960 oum
624 2918 753 2969 senuerint,
781 2920 881 2961 emedio
900 2919 1031 2962 tollentibus
1051 2926 1085 2962 est
1097 2932 1171 2962 sermo
1196 2901 1331 2980 (ἀγανοῖς

252 2981 429 3057 βελέεσσιν(
459 2999 496 3043 ef.
510 3000 553 3042 Od.
566 2989 596 3034 Γ
596 3019 605 3036 0
622 3015 656 3044 vs.
672 3001 723 3046 279.
738 3016 771 3056 sq.
792 3003 876 3044 Eorum
894 3007 969 3043 autern
990 3013 1099 3055 corpora,
1122 3001 1163 3055 qui
1180 3003 1283 3046 mitibus
1301 3002 1333 3044 his

250 3084 302 3126 telis
323 3079 475 3131 interierunt,
489 3081 614 3123 difformari
627 3096 672 3124 non
684 3083 832 3124 credebantur
847 3082 887 3134 (11.
901 3072 938 3118 Ji·
951 3097 985 3124 vs.
1001 3081 1072 3137 757.)

281 3163 329 3218 (81)
344 3164 372 3207 P.
386 3177 410 3206 v.
425 3163 536 3205 errsano
548 3163 667 3205 Bneuwra
675 3193 683 3213 ,
697 3178 718 3205 o.
732 3177 752 3204 c.
766 3163 830 3206 Part.
846 3166 865 3209 I.
882 3167 947 3209 Tom.
960 3167 993 3209 11.
1008 3181 1031 3220 p.
1039 3163 1091 3208 332.
1099 3164 1137 3208 Cf.
1145 3167 1237 3212 Srnas.
1246 3183 1271 3225 p.
1282 3167 1331 3211 221.

280 3245 329 3299 (82)
345 3246 377 3288 K.
391 3247 419 3288 Ο.
436 3246 555 3294 Macran,
569 3245 702 3287 Gesehiehte
715 3244 869 3288 Hellenieeher
875 3247 972 3289 stimme
980 3247 1025 3289 und
1033 3247 1116 3293 sttdto.
1130 3247 1191 3292 End.
1206 3250 1243 3294 11.
1260 3250 1331 3293 Abth.

252 3329 272 3372 l.
289 3343 312 3384 p.
329 3328 381 3372 301.
627 3323 631 3332 ’

284 3409 331 3467 (83)
348 3411 424 3453 Casu.
445 3410 588 3452 Araxenon.
602 3411 685 3453 Strom.
699 3406 750 3452 Lib.
767 3411 786 3452 1.
802 3425 824 3465 p.
840 3409 891 3452 397.
907 3409 941 3452 ed.
954 3411 1055 3452 Poma.
1070 3408 1102 3463 (p.
1120 3407 1170 3451 143.
1187 3411 1284 3467 Sum).
1299 3410 1337 3455 Cl-

250 3495 349 3538 Torua.
363 3495 428 3551 Orat.
442 3496 521 3533 eontra
534 3490 639 3534 Graecos.
654 3506 673 3534 a.
689 3492 725 3535 62.
740 3506 763 3546 p.
777 3493 814 3535 88.
830 3492 875 3544 (ed.
886 3491 959 3533 Oxon.
979 3488 1063 3544 1700),

280 3576 328 3633 (84)
344 3577 419 3619 Oura.
435 3576 520 3631 Hymn.
535 3575 560 3616 in
573 3573 652 3630 Apoll.
665 3589 689 3629 p.
704 3572 755 3617 295.
770 3575 814 3627 (od.
829 3574 968 3626 Hanunea).
985 3571 1023 3615 Cf.
1044 3573 1119 3615 Oura.
1142 3554 1277 3629 Argoniat.
1298 3589 1332 3620 vs.

252 3657 302 3699 175.
318 3672 350 3713 sq.
367 3657 427 3699 ina
448 3671 482 3701 u.
504 3654 569 3699 1356.
599 3639 719 3693 »Παιάν
744 3633 913 3709 ἑκήβολος.”
941 3633 1115 3706 ‘Euripidem
1141 3654 1209 3710 longa
1228 3655 1333 3712 jesum

251 3746 327 3782 sutem
341 3745 374 3785 est
386 3737 500 3794 epitheton
514 3738 616 3794 Apollini
630 3739 748 3794 proprium
764 3737 812 3791 (ef.
832 3717 906 3778 barn.
928 3734 1014 3790 Hyrn'n.
1036 3736 1061 3779 in
1080 3735 1158 3791 Apoll.
1177 3748 1215 3782 vs.
1237 3738 1277 3792 ⁶l²
1299 3740 1333 3781 uti

252 3821 320 3862 etiam
337 3800 486 3877 ἕκᾶθργθςῑ
505 3820 564 3874 qnod
582 3820 703 3862 secundum
717 3818 772 3861 alar.
787 3820 890 3862 Miiaass
905 3820 995 3875 (o.c.p.
1011 3817 1073 3875 292.)
1089 3820 1334 3876 apostatantium

252 3909 274 3944 et
288 3901 462 3955 inexspectatum
476 3902 599 3950 rationem,
619 3915 663 3956 qua
677 3902 721 3942 tela
739 3901 853 3957 Apollinis
866 3901 962 3946 feriunt.

282 3982 329 4037 (85)
346 3985 456 4030 Enniam.
470 3984 554 4027 Alcest.
569 4000 604 4027 vs.
620 3985 663 4028 972
677 3998 725 4040 sqq.
742 3985 893 4028 Andromach.
909 3999 942 4027 vs.
959 3974 1010 4029 901}
1033 3986 1141 4028 Sernota.
1160 3985 1274 4031 Trachin.
1297 4001 1332 4031 vs.

252 4064 294 4108 209
315 4078 348 4120 sq.
