2754 4710
610 462 811 519 *11*

158 619 275 696 aderat,
299 620 384 696 cujus
402 621 498 700 prImn
524 629 723 700 symptomata
746 641 800 701 per
818 623 894 682 iram
919 625 949 681 in
973 624 1069 683 lucem
1096 636 1167 684 suut
1188 643 1239 682 vo-

157 737 219 786 cata
247 724 325 806 (19).
378 725 470 784 Aliud
498 726 671 805 exemplum
701 727 801 804 leprae
829 729 969 808 supplicii
995 730 1061 789 loco
1091 729 1239 789 immissae

155 844 219 891 erat
238 831 315 890 illud
331 832 439 891 famuli
456 833 621 912 prophetae
638 832 748 891 Elisaei
765 832 886 893 Gebazii
895 879 905 909 ,
927 832 990 910 qui,
1009 854 1077 891 cnm
1088 832 1239 894 Nahama·

154 954 224 993 nem
252 934 434 1012 fraudasset,
462 935 544 1014 lepra
572 938 771 1015 puniebatur,
806 957 884 1015 quae
914 946 979 996 erat
1003 937 1109 998 niveae
1124 937 1241 997 albedi-

156 1040 221 1115 nis,
241 1058 376 1117 quaeque
394 1042 426 1098 in
455 1039 520 1117 ipso
550 1042 637 1100 etin
664 1042 759 1121 ipsius
789 1041 930 1123 progenie
958 1061 1074 1120 semper
1102 1042 1239 1103 haereret

155 1143 202 1222 (ll.
224 1144 295 1222 lleg.
314 1144 348 1201 Il:
371 1141 445 1221 27.);
467 1144 506 1203 ad
529 1146 611 1224 signa
628 1147 709 1206 enim
739 1149 908 1207 essentialia
932 1147 1033 1226 leprae
1057 1147 1238 1207 ludaeorum

156 1247 203 1328 (de
222 1247 330 1326 quibus
357 1249 449 1307 sinius
470 1270 554 1328 agam
580 1249 613 1307 in
642 1251 740 1328 capite
763 1251 801 1310 de
830 1249 1045 1328 sacerdotibus)
1071 1251 1238 1330 pertinebat

152 1353 232 1412 color
252 1352 359 1411 niveus
381 1353 546 1431 et2indoles
568 1352 779 1413 haereditaria.

665 1564 732 1638 §n

192 1769 249 1829 Sed
270 1790 331 1827 non
352 1770 388 1828 de
415 1769 554 1828 omuibus
584 1770 712 1845 morbis,
747 1791 821 1851 qnos
853 1782 1000 1851 tanquam
1026 1793 1136 1850 poenas
1157 1774 1234 1833 Deus

147 1876 342 1952 immittebat,
363 1899 419 1956 pro
438 1885 520 1935 certo
538 1875 637 1936 dicere
662 1876 814 1951 valemus,
839 1877 996 1952 cujusnam
1020 1886 1145 1935 naturae
1167 1879 1235 1936 sae·

149 1961 220 2039 riuti
263 1982 322 2039 Hoc
346 1980 498 2059 imprimis
517 1981 600 2038 valet
624 1981 659 2039 de
681 1982 785 2039 morbo
805 1981 859 2039 illo
880 1981 1010 2059 podicis,
1038 2003 1099 2060 quo
1118 1982 1235 2042 Palaes-

147 2087 205 2144 tini
225 2085 444 2158 afficiebantur,
466 2107 560 2165 quum
579 2095 695 2165 captam
726 2106 829 2144 arcam
849 2084 987 2144 divinam
1015 2085 1141 2144 Azotum
1167 2107 1237 2165 por-

147 2192 292 2249 tavissent
312 2190 354 2271 (l.
373 2191 452 2250 Sam.
472 2190 504 2249 V:
531 2189 585 2270 6.).
628 2191 793 2267 Nonnulli,
812 2181 852 2249 ad
868 2211 944 2269 quos
965 2191 1119 2250 Michaelis
1140 2192 1236 2270 perti-

149 2305 199 2353 net
226 2292 314 2374 (20),
338 2314 444 2354 vocem
471 2294 650 2354 Hebraicam
682 2317 736 2374 per
762 2297 1006 2356 haemorrhoides
1037 2317 1138 2357 mesas
1166 2319 1236 2357 ver-

148 2408 234 2474 tunt3
256 2399 341 2458 Ilarle
362 2397 429 2480 (21)
448 2400 584 2458 morbum
601 2401 891 2461 haemorrhoidalem
909 2413 997 2462 vocat
1007 2450 1016 2480 ,
1039 2404 1109 2479 sed,
1129 2413 1232 2462 utrum

148 2512 287 2562 externae
304 2525 344 2561 an
360 2523 462 2562 coccae
478 2504 614 2579 suerint,
643 2527 706 2564 non
723 2507 851 2567 dirimit.
892 2509 1008 2588 Pugnat
1030 2530 1105 2568 vero
1128 2519 1232 2568 contra

149 2607 226 2669 hanc
246 2609 437 2688 opinionem,
458 2611 538 2690 quod
560 2609 802 2670 haemorrhoides
832 2634 893 2671 non
922 2612 960 2671 ad
988 2615 1105 2672 morbos
1132 2613 1233 2692 apide-

146 2713 239 2774 mices
259 2714 431 2792 pertinent,
457 2705 551 2792 neque
572 2715 609 2772 ad
625 2716 718 2789 tales,
739 2736 814 2794 quos
834 2715 923 2774 facile
944 2737 1024 2775 mors
1045 2717 1228 2796 insequitur.

148 2820 209 2879 Alii
228 2820 330 2895 itaque
348 2819 384 2876 de
404 2820 489 2895 gravi
506 2819 677 2897 dysenteria
695 2821 862 2898 cogitarunt
876 2818 962 2901 (22);
984 2820 1036 2878 sed
1054 2842 1148 2898 quum
1171 2842 1233 2880 nou

145 2923 290 3000 imagines
306 2941 413 2980 aureae
433 2922 672 3000 dysenteriarum
688 2924 792 2983 confici
812 2925 943 3002 possint,
956 2925 1021 2999 alii,
1043 2925 1153 2984 hancce
1162 2925 1233 3004 dys-

147 3027 292 3086 nuteriam
321 3048 387 3085 cum
404 3027 684 3086 haemorrhoidibus
714 3028 806 3086 coecis
836 3051 853 3085 a
883 3039 1013 3086 tenesmo
1042 3029 1178 3087 oriundis
1202 3039 1234 3087 et

145 3135 206 3194 licis
222 3133 430 3216 complicatam
448 3131 538 3191 fuisse
548 3176 557 3206 ,
577 3132 741 3211 opinantur
762 3129 843 3210 (23).
883 3133 1001 3191 Morbus
1031 3132 1115 3191 hicce
1141 3133 1232 3192 etiam

147 3217 183 3297 ad
199 3260 248 3298 eos
265 3238 413 3317 pertinet,
435 3257 510 3316 qnos
528 3236 643 3297 Jehova
664 3235 714 3306 iis,
743 3233 797 3312 qui
826 3234 938 3313 legibus
959 3235 1020 3293 suis
1035 3255 1097 3293 non
1117 3235 1230 3293 obtem·

145 3353 300 3420 perarant,
324 3342 561 3402 annuntiaverat
580 3341 630 3424 (V.
648 3343 721 3402 Mos.
740 3339 876 3401 XXVIII:
903 3339 969 3420 27.)
990 3361 1030 3399 sc.
1061 3340 1099 3398 ad
1129 3341 1231 3400 ulcera

151 3493 386 3507 -Q

176 3562 223 3621 (19)
239 3566 309 3606 Errat
328 3571 388 3606 certe
406 3563 517 3605 wanno.
537 3561 710 3614 (Exercitation.
725 3561 903 3617 medico-philol.
919 3563 985 3604 (lent.
1001 3561 1023 3604 2.
1038 3562 1094 3605 Dec.
1109 3564 1131 3606 4.
1147 3563 1227 3605 Exere.

142 3644 162 3687 9.
180 3661 202 3702 p.
219 3648 267 3702 98.)
288 3645 328 3700 qni
341 3646 445 3687 morbum
458 3644 515 3700 regis
528 3641 633 3700 Huzzyae
648 3659 689 3700 pro
702 3644 911 3703 syphilide'phabet.

176 3727 222 3785 [20]
241 3727 278 3770 Cf.
295 3729 363 3770 Inus.
378 3743 398 3769 0.
416 3742 436 3769 c.
452 3743 474 3782 p.
492 3727 543 3770 352.

176 3809 222 3866 (21)
239 3811 266 3854 Ο.
283 3824 303 3851 c.
320 3825 343 3864 p.
360 3810 398 3853 98.

172 3893 219 3950 (22)
236 3894 328 3935 tossen.
350 3891 429 3947 Antiq.
447 3893 498 3935 sua.
513 3894 556 3939 V1.
574 3895 592 3935 1.
612 3895 632 3935 ι,
654 3890 667 3930 n
677 3873 854 3944 ἀπέθνησκον
867 3875 919 3950 γάρ
931 3873 986 3932 ὑπὸ
1008 3870 1223 3949 δυσεντερίας.”

175 3972 223 4029 (23)
241 3974 385 4022 Rrrunnau,
406 3988 426 4016 o.
442 3988 461 4015 e.
472 3989 502 4029 p.
526 3975 574 4019 114.
589 3989 638 4030 sqq.
