2754 4710
593 455 812 514 -lot-

159 612 321 671 sacerdotes
347 611 469 679 attinet,
496 620 649 689 postquam
671 636 723 693 per
740 626 832 676 totam
855 617 1008 676 Graeciam
1029 619 1134 698 ubique
1156 632 1223 679 teur-

158 719 208 795 pla
236 719 267 776 iu
302 717 446 775 honorem
473 704 641 794 Aesculapii
667 715 790 776 suerunt
819 730 928 791 erecta,
960 721 1058 781 omnis
1088 723 1220 782 medicina

159 822 307 901 imprimis
318 820 544 901 Asclepiadibus,
561 820 625 896 ejus
640 802 849 898 sacerdotibus,
861 844 913 902 per
932 826 1025 884 multa
1041 827 1153 884 saecula
1170 837 1219 886 erat
1239 860 1242 866 ·

156 925 284 1000 tradita,
315 925 407 984 donec
436 923 605 1003 philosophi
627 923 686 981 arti
714 935 832 984 nostrae
848 947 966 1006 operam
984 927 1054 986 dare
1074 929 1214 1007 coeperint.

157 1030 312 1088 Caeterum
343 1027 548 1107 Asclepiadum
570 1026 718 1085 medicina
739 1031 860 1088 nonita
880 1033 1082 1103 exercebatur,
1105 1043 1137 1090 ut
1152 1035 1215 1090 Deus

156 1136 347 1214 Aesculapius
374 1134 436 1214 ipse
456 1133 568 1214 placari
585 1133 720 1208 deberet,
744 1135 992 1214 quemadmodum
1014 1136 1066 1194 alii
1087 1137 1158 1211 Dii,
1176 1135 1213 1213 qui

154 1238 211 1317 ipsi
240 1238 353 1297 morbos
377 1237 579 1306 immiserant,
603 1246 691 1295 erant
711 1238 867 1317 placandi:
890 1261 981 1319 quare
998 1241 1080 1298 euim
1100 1242 1213 1320 placare·

155 1353 206 1400 tur
224 1341 437 1421 Aesculapius,
461 1339 514 1418 qui
549 1338 585 1395 ab
610 1341 830 1417 aegrotantibus
850 1364 909 1400 non
929 1355 1072 1422 tauquam
1090 1345 1179 1403 iratus
1192 1353 1214 1402 et

155 1447 269 1505 morbos
294 1447 458 1504 immittens
494 1443 678 1519 habebatur,
711 1445 760 1503 sed
779 1447 877 1525 potius
893 1462 1039 1529 tauquam
1059 1453 1213 1510 Deusami-

153 1550 307 1624 cissimus,
340 1551 392 1628 qui
421 1549 484 1627 ipse
509 1545 668 1616 indicaret,
702 1570 761 1629 qua
795 1555 911 1610 ratione
940 1552 1014 1612 istae
1035 1556 1071 1613 ab
1090 1557 1153 1615 aliis
1167 1555 1214 1614 lliis

152 1653 301 1716 immissae
325 1650 524 1731 aegritudines
554 1650 760 1711 tollerentur?
802 1655 911 1714 Forsan
935 1658 967 1716 in
988 1659 1078 1716 initio
1102 1660 1214 1719 totalis

153 1757 317 1836 clepiadum
351 1756 500 1817 medicina
528 1775 623 1834 aeque
649 1765 736 1834 atque
766 1760 891 1838 antiqua
919 1760 1070 1821 medicina
1087 1762 1213 1841 expiatio

151 1863 237 1921 uibus
263 1863 321 1921 niti
346 1861 535 1928 credebatur,
565 1878 641 1936 quae
670 1882 728 1938 qua
754 1864 869 1922 ratione
896 1877 993 1925 essent
1008 1868 1210 1941 instituendae,

150 1965 284 2024 omnium
314 1967 426 2047 optime
454 1963 504 2021 hic
529 1963 603 2021 Deus
621 1962 840 2041 amicissimus,
864 1969 974 2047 quippe
991 1970 1045 2048 qui
1066 1971 1210 2029 arctissima

150 2089 218 2128 cum
250 2069 374 2128 caeteris
400 2068 462 2126 Diis
476 2072 613 2124 uteretur
633 2068 866 2143 cousuetudine,
890 2070 1023 2130 iudicare
1039 2083 1143 2151 posset.
1177 2073 1209 2130 De

151 2172 298 2231 medicina
323 2183 421 2231 antem
449 2168 675 2249 Asclepiadem,
707 2173 827 2249 qualem
856 2194 920 2232 eam
948 2175 981 2235 iu
999 2177 1118 2255 templis
1140 2194 1206 2234 eser·

149 2274 268 2349 cebant,
290 2277 320 2334 iu
342 2275 478 2356 sequenti
499 2273 595 2352 capite
613 2291 705 2351 agam.

591 2543 743 2569 -ΘΟΦ

543 2759 829 2827 CAPUTII.

261 2981 312 3046 ue
335 2981 523 3057 medicina,
547 3002 628 3066 parcre
652 2985 687 3045 ia
711 2981 844 3070 templis
868 2981 1094 3064 exercebatur.

636 3237 652 3313 r
672 3236 724 3296 aa.

180 3467 300 3540 Quanto
320 3467 353 3525 iu
373 3467 485 3526 honore
501 3463 580 3542 apud
602 3463 727 3525 Graecos
745 3465 935 3543 Aesculapius
960 3465 1132 3539 haberetur,
1153 3475 1195 3534 op‘

141 3572 215 3631 time
241 3570 347 3630 confici
383 3580 478 3650 potest
502 3579 567 3628 tum
584 3589 621 3627 ex
641 3569 759 3648 ingenti
780 3588 905 3629 numero
923 3572 1115 3650 templorum,
1137 3576 1195 3644 quae

139 3677 169 3733 ei
198 3687 284 3734 erant
314 3685 443 3747 structa,
476 3684 541 3734 tum
569 3694 608 3732 ex
631 3673 792 3753 religione,
825 3697 886 3755 qua
914 3675 979 3755 ipsa
1007 3677 1079 3736 haec
1105 3663 1193 3746 templa

140 3779 326 3860 gaudebant,
357 3791 423 3841 tum
456 3778 584 3860 denique
611 3797 650 3839 ex
676 3778 833 3838 hominum
862 3781 900 3840 ad
927 3782 1029 3841 eadem
1050 3788 1192 3843 concurtflr

142 3922 340 3936 u———o

139 3967 186 4008 cati
198 3964 308 4014 tuissent,
320 3963 470 4019 inspiciebant
482 3962 507 4002 in
519 3961 651 4018 speculum,
666 3965 689 4000 at
701 3973 727 4000 ex
748 3955 794 4010 ejus
809 3957 957 4010 imaginibus,
973 3957 1111 4011 petiturusue
1121 3961 1146 3990 ³1¹
1156 3950 1194 3980 '¹⁶‘

139 4055 207 4091 turus
219 4061 281 4103 aeger
296 4053 352 4090 esset
360 4077 366 4096 ,
384 4045 524 4086 divinabant.
