2754 4710
574 448 794 506 ..ιιι-

144 607 273 666 minibus
302 607 503 679 haberentur,
540 619 573 667 ut
602 628 640 667 ex
660 605 697 666 iis
718 609 755 691 de
775 609 861 668 rebus
882 607 993 668 futuris
1013 609 1145 668 certiores
1161 610 1199 668 fie-
1247 622 1250 647 ³

143 721 229 780 rent,
262 711 359 770 ubivis
387 711 496 771 horum
524 722 693 792 temporum
716 708 903 783 tumescis,
931 721 995 771 tuna
1016 711 1138 791 profana
1153 713 1200 772 hir-
1245 654 1250 767 i

143 817 221 874 toria
245 818 331 877 docet
359 817 438 898 (32).
487 820 588 898 Neque
621 818 825 894 tumulum,
855 818 905 877 sed
935 818 1026 877 etiam
1048 818 1101 877 diu
1124 828 1201 897 postu

144 941 197 1000 per
227 922 339 982 somnia
368 922 518 1001 imprimis
544 930 628 981 suain
654 923 840 983 voluntatem
859 944 929 982 cum
953 923 1123 998 horninibus
1142 944 1203 984 oou·

141 1027 298 1084 ‘municare
327 1016 522 1086 credebantur
551 1028 599 1087 Dii
609 1048 620 1105 3,
650 994 914 1106 cu'jusmodi'haec
941 1027 978 1085 ab
1006 1028 1205 1087 immortalibus

144 1133 275 1191 immissa
292 1134 407 1192 somnia
425 1133 559 1208 suerint,
579 1132 623 1191 ita
643 1132 783 1192 describit
802 1118 1002 1194 deinbliehus:
1029 1133 1104 1193 uVel
1124 1154 1207 1204 sorum

143 1236 291 1312 abemne,
322 1259 389 1296 curn
415 1237 479 1313 jam
507 1236 668 1317 incipimus
700 1236 846 1315 vigilare,
866 1257 969 1295 vocem
992 1236 1129 1321 brevem,
1150 1257 1209 1316 quae

146 1340 219 1419 quid
246 1340 285 1398 sit
305 1340 475 1398 faciendum
502 1340 622 1410 doceat,
648 1339 752 1402 audire
772 1343 931 1421 videmur,
955 1343 1006 1401 vet
1023 1340 1105 1402 inter
1124 1340 1210 1420 vigiti-

144 1464 192 1499 am
212 1452 242 1501 ct
258 1464 394 1502 somnum
405 1490 414 1518 ,
437 1445 487 1503 vel
504 1465 571 1505 oum
593 1444 681 1523 plane
702 1446 967 1525 evigilaverimus‚
993 1463 1082 1503 voces
1101 1445 1214 1505 audiun·

145 1558 195 1635 tur
208 1593 216 1622 ,
244 1549 422 1627 quandoque
453 1548 543 1606 etiam
577 1549 700 1628 spiritus
717 1549 840 1628 quidam
859 1570 920 1607 non
940 1550 1153 1628 corpoleutus,
1175 1567 1214 1608 nec

146 1653 315 1731 spectabilis
339 1663 439 1711 tamen
464 1653 678 1729 rejacentibus
698 1652 935 1728 circumfundit,
954 1653 998 1711 ita
1020 1642 1136 1714 utnon
1152 1673 1212 1711 ocu

145 1756 198 1826 iis,
233 1757 283 1815 sed
310 1759 370 1817 alio
400 1759 528 1851 quodarn
559 1781 646 1819 sensu
675 1768 715 1821 et:
735 1757 923 1849 perceptione
951 1757 1118 1831 sentiatur,
1145 1757 1216 1815 venit

145 1862 226 1920 enim
252 1885 321 1922 cunr
349 1864 476 1945 strepitu
503 1874 533 1922 et
553 1864 750 1941 undequaque
768 1860 1021 1919 circumfunditur
1037 1861 1155 1940 absq11e
1160 1881 1217 1921 rou·

103 1960 111 1977 ⁰
146 1978 248 2044 tactu,
279 1989 428 2049 operaque
454 1978 583 2048 praestat
611 1969 738 2026 mirifica
759 1966 840 2026 ad
813 1965 960 2044 passiones
979 1965 1100 2024 animae
1123 1986 1215 2046 eorpo-

146 2072 187 2131 ris
213 2073 445 2152 restinguendus.
489 2073 659 2152 Aliquando
684 2092 755 2131 vero
783 2072 884 2129 lumen
912 2070 1063 2148 liquidum
1095 2081 1127 2129 et
1146 2081 1213 2130 trau·

147 2177 274 2257 quillum
305 2178 416 2255 fuiget,
446 2180 501 2238 sub
525 2199 586 2256 quo
616 2179 698 2236 visus
725 2176 878 2235 detinetur
909 2183 939 2232 et
960 2170 1213 2245 connivet‚·antea

145 2281 282 2360 patulus:
314 2281 364 2340 aiii
384 2304 487 2342 sensus
505 2282 621 2340 interea
637 2279 806 2360 experrecti
829 2287 900 2349 sunt
933 2279 1210 2357 persentiscuntque.

146 2387 267 2465 quando
285 2385 338 2444 Dii
362 2386 518 2445 manifesto
536 2408 567 2446 so
586 2364 758 2454 ostendunt,
781 2392 896 2460 etquae
915 2381 1082 2460 inquuntur
1126 2396 1211 2461 agunt·

145 2498 204 2565 que
224 2470 434 2573 'coricurrente'
455 2485 712 2548 animaduersione
758 2485 929 2565 percipiunt
949 2485 1050 2566 (33).'’
1083 2486 1129 2546 Ex
1150 2485 1211 2544 hisce

63 2628 65 2633 -
144 2601 248 2669 patet,
282 2593 388 2670 quanti
417 2592 530 2650 somnia
558 2593 594 2649 ab
621 2590 705 2664 iltis,‘
730 2609 858 2668 quorum
888 2589 974 2646 firma
994 2580 1090 2647 stabat
1109 2589 1175 2648 fides
1189 2594 1210 2643 et

145 2716 273 2774 quorum
301 2692 457 2780 phantasia
482 2715 544 2753 uno
572 2697 704 2754 alterove
733 2692 821 2753 modo
835 2695 936 2752 tuerat
957 2685 1106 2768 excitata,
1127 2690 1210 2754 existi-

146 2809 321 2875 murentur,
354 2799 427 2858 adeo
457 2782 494 2858 ut*
519 2821 572 2879 per
597 2801 674 2860 haec
703 2801 759 2859 sibi
788 2803 865 2858 Deos
897 2818 1041 2877 apparere
1065 2799 1209 2859 crederent·

152 2957 354 2968 Μ

174 3001 222 3070 (32)
240 3001 330 3056 Optime
344 3015 381 3041 uir
395 2999 456 3041 clar
472 2999 604 3041 sisaran.
622 2996 721 3052 (Fragor.
735 2997 815 3041 Gesch.
831 2998 853 3040 d.
870 2997 984 3053 Aruneyk.
1001 2997 1031 3039 T.
1050 2999 1069 3041 1.
1086 3012 1107 3052 p.
1124 2997 1205 3044 22qu.

144 3085 178 3127 ed.
196 3082 382 3138 terminarent,
396 3096 504 3135 quaenam
520 3080 656 3121 somniorum
670 3093 706 3121 vis
717 3078 755 3134 [sit
773 3078 833 3133 apud
847 3078 944 3119 incultos
958 3077 1068 3121 hominos

175 3166 223 3222 (33)
240 3167 365 3208 Jsuunrcu.
382 3165 517 3219 deMyster.
539 3164 637 3218 Aegypt.
653 3162 711 3204 sect.
727 3161 773 3203 111.
791 3161 811 3203 l.
828 3159 860 3201 2·
843 3175 895 3214 ,·.p
916 3159 952 3202 60.
983 3161 1032 3202 Hoc
1056 3161 1108 3203 loco
1130 3155 1208 3202 ramun-

145 3248 200 3288 chus
221 3246 341 3288 discrimen
360 3245 417 3286 facit
436 3245 495 3286 iuter
515 3245 614 3292 somnia,
629 3258 686 3297 quae
698 3245 808 3286 divinitus
822 3243 928 3292 misisset
944 3258 969 3285 ea
983 3275 989 3294 ‚
1002 3258 1060 3297 quae
1073 3246 1119 3287 sola
1132 3221 1208 3300 phariu-

145 3330 177 3369 sia
199 3327 329 3371 dormientis
350 3327 446 3368 excitate
467 3327 535 3376 dicit,
557 3340 658 3380 quaeque
678 3328 744 3368 modo
762 3341 831 3375 vom,
851 3327 915 3368 modo
929 3327 987 3369 salsa
1002 3329 1061 3382 quod
1075 3330 1103 3371 ad
1116 3332 1207 3371 entatum
1247 3348 1250 3373 ι

144 3417 218 3453 vocat.
257 3412 317 3452 Haec
338 3399 552 3452 somnia'divtnitns
573 3411 640 3450 missa
661 3423 712 3450 cnm
730 3409 860 3464 magneticis
881 3414 998 3462 comparat
1019 3409 1077 3451 doct.
1099 3409 1208 3451 Passim
1243 3430 1247 3439 ·

146 3493 358 3548 (Uritursuchungen
381 3492 435 3533 tiber
454 3492 491 3532 das
511 3491 821 3551 Lebsnsmagnetismnslnnd
840 3493 877 3532 das
899 3491 1028 3534 Hellsehen.
1049 3507 1071 3545 p.
1094 3467 1144 3534 276}
1164 3486 1207 3539 sq.)-

143 3580 169 3619 de
184 3579 211 3619 iis
225 3579 311 3619 dicens:
329 3594 340 3619 u
348 3576 393 3617 und
409 3552 472 3616 wem
486 3576 569 3625 wirdie
587 3576 715 3632 Erudhlung
730 3577 768 3617 der
788 3575 931 3627 Thatsachen
946 3589 991 3616 von
1005 3575 1046 3615 den
1066 3575 1208 3617 ihnonuutu·

144 3659 254 3701 misch'ten
269 3659 426 3712 Erldiirungon
439 3665 550 3706 trennen,
564 3658 610 3698 und
625 3673 643 3701 z.
659 3661 687 3700 B.
702 3666 758 3700 stutt
769 3659 817 3699 dem
833 3657 1004 3698 erscheinonden
1017 3637 1206 3698 Gottoder'Gsnitt

145 3743 182 3782 das
205 3743 282 3781 iuuere
303 3740 370 3781 Licht
391 3741 429 3781 der
444 3740 517 3788 seete,
533 3746 589 3780 statt
608 3722 727 3794 guntione}
743 3739 841 3780 Tratime
857 3738 1011 3793 clairvoyante
1025 3738 1125 3778 Tratimo
1138 3742 1206 3778 senen

145 3821 257 3875 safffinrlsn
271 3822 313 3861 wir
329 3821 362 3862 ost
376 3821 466 3870 nictus,
481 3834 525 3861 svau
537 3836 581 3861 von
596 3822 635 3861 der
650 3820 807 3874 Erfahrungon
822 3821 857 3861 des
874 3819 1007 3861 Hctlsehsns
1022 3818 1045 3860 in
1065 3821 1107 3860 den
1122 3821 1213 3860 neruus

146 3905 223 3944 Zsiten
237 3904 373 3943 atsweioht'’
403 3904 460 3944 Idem
476 3904 541 3944 etiam
564 3904 593 3956 (p.
613 3903 674 3955 196.)
695 3902 781 3943 divinas
803 3902 976 3954 patefactionos,
999 3914 1055 3954 quae
1070 3901 1211 3943 lsraetiraruu

146 4000 229 4039 proavo
251 3986 379 4026 Abrahamo
403 3985 502 4032 usuam,
528 3976 719 4039 rolairvoyantsn
739 3984 867 4032 'Pramnos'
883 3990 905 4023 ot
920 3984 951 4036 (p.
967 3983 1030 4038 210.)
1046 3983 1158 4035 Elisneuru
1172 3985 1221 4031 Μ’

145 4071 233 4121 piu-tunt
249 4069 408 4111 uheltsehenrl”
423 4075 496 4109 vocat
