2754 4710
598 142 777 197 ...7...

145 297 207 377 pios
231 297 486 364 irnmitttbmtur:
518 323 556 361 cx
578 303 684 381 quibas
705 314 821 373 tamen,
847 323 883 361 uc
904 303 1017 383 'tungiur
1039 305 1105 380 sim,
1130 328 1223 365 numu

148 406 351 469 tantummodo
363 406 476 484 Jorami
498 406 633 465 morbum
652 408 789 466 narrabo.
831 409 931 481 Quum
959 411 1071 471 scilicet
1089 411 1227 473 Joramus

145 511 327 572 Judaeorum
337 533 401 585 rex,
414 533 476 573 non
488 511 681 589 Josaphatum
695 522 809 590 patrem
819 512 903 591 pium
912 514 1057 590 imitatus,
1069 516 1117 575 sed
1131 516 1225 575 larac-

143 619 265 677 litai-um
289 638 390 696 regum
413 618 550 696 exemplo
565 638 625 675 non
648 615 734 673 modo
752 616 876 676 iudaeos
894 627 924 676 et
943 618 1226 696 Hierosolymitarms

144 724 181 784 ad
207 722 373 783 Achabicae
398 723 501 802 stirpis
530 721 750 802 impudicitiam
776 722 964 798 adduxisset,
1000 744 1105 782 verum
1133 727 1224 783 ctiam

146 827 251 888 fratres
280 827 494 903 interfecisset,
517 827 662 907 propheta
680 827 745 886 Elia
764 828 791 885 ei
813 838 931 887 tantum
952 829 1086 886 morbum
1107 829 1224 887 intesti-

145 933 242 991 nalem
273 933 487 1009 annuntiabat,
517 942 551 989 ut
591 931 735 991 intestina
768 931 958 1008 ejicerentur.
1021 932 1136 990 ttorbus
1174 952 1226 1009 per

145 1037 297 1095 biennium
324 1037 450 1096 durabat
481 1047 510 1094 et
540 1036 739 1114 praeterlapso
772 1035 828 1093 hoc
859 1044 1010 1114 tempore,
1041 1037 1142 1114 ejectis
1159 1058 1226 1095 cum

145 1141 244 1200 morbo
263 1141 432 1215 intestinis,
451 1152 578 1199 mortem
599 1140 737 1199 afferebat
761 1140 811 1220 (ll.
827 1139 937 1199 Clrron.
958 1142 1038 1200 XXI.
1063 1145 1118 1217 12,
1138 1140 1230 1221 sqq.).

146 1246 316 1326 Rogaruut,
348 1245 483 1324 quisnam
511 1245 601 1303 suerit
627 1245 677 1304 hic
706 1246 840 1320 morbus5
863 1267 909 1305 res
935 1248 1058 1305 obscura
1084 1255 1145 1323 est,
1174 1269 1228 1306 ne·

148 1370 201 1427 que
232 1350 276 1406 ita
300 1349 459 1425 solvenda,
491 1359 524 1407 ut
551 1349 639 1408 dubia
670 1348 882 1427 relinquantur
896 1351 979 1409 mdia
1001 1349 1065 1430 (7):
1089 1355 1227 1430 quamvis

146 1454 308 1530 me'judice
335 1475 396 1511 non
421 1453 638 1511 assentiendmn
656 1454 696 1511 sit
715 1453 886 1513 doctissimo
913 1456 1003 1513 liarle
1025 1458 1072 1537 (8)
1096 1458 1226 1531 duranti,

147 1557 256 1618 dorami
277 1558 416 1616 morbum
427 1604 435 1633 ,
458 1560 570 1636 quippe
592 1559 645 1636 qui
670 1568 744 1615 esset
761 1580 778 1614 a
798 1559 857 1616 Deo
876 1560 1042 1633 imu‘rissus,
1067 1582 1126 1617 nun
1144 1583 1223 1617 com·

146 1665 241 1740 parari
271 1682 356 1742 posse
383 1684 451 1719 cmn
478 1662 581 1739 aliquo
611 1671 681 1719 noto
700 1661 812 1718 morbo.
855 1661 960 1739 Neque
978 1663 1067 1720 etiam
1089 1664 1125 1721 ab
1143 1665 1226 1720 omui

144 1765 322 1846 partebcum
351 1766 388 1823 iis
409 1767 578 1840 consentio,
600 1766 649 1843 qai
672 1767 805 1824 morbum
827 1766 912 1824 illum
934 1767 983 1824 vel
999 1766 1116 1826 ssuxmn
1134 1768 1226 1846 hepa-

144 1874 234 1932 ticum
253 1893 321 1931 cum
338 1871 553 1951 colliqaatione
567 1871 663 1951 ipsius
677 1870 859 1928 substantiae
878 1869 995 1950 hepatis
1007 1890 1060 1949 por
1078 1892 1227 1950 suppura-

145 1979 253 2036 tionem
274 1975 340 2057 (9),
361 1976 410 2035 vel
423 1997 542 2054 gravem
563 1975 777 2054 dysenteriam,
803 1975 912 2054 inqua
931 1977 1073 2034 intestina
1090 1977 1227 2035 ulcerau-

145 2093 190 2140 tur
222 2083 309 2163 (10),
341 2081 390 2141 vel
413 2080 610 2139 listulamani
633 2079 699 2159 (ll)
729 2080 836 2152 fuisse,
859 2082 1087 2144 existimarunt:
1114 2083 1184 2142 lieet
1202 2085 1225 2142 ii

146 2189 279 2265 proxime
299 2185 336 2243 ad
356 2185 515 2243 veritatem
542 2185 695 2244 accessisse
714 2186 791 2244 mihi
812 2187 991 2260 videantur,
1017 2189 1121 2267 quide
1139 2192 1224 2268 graii

99 2334 102 2345 .
145 2291 312 2370 dysenteria
341 2289 518 2367 cogitarunt·
562 2288 649 2347 Forte
670 2310 726 2348 rex
747 2302 900 2370 correptus
917 2293 977 2350 suit
997 2295 1083 2370 gravi
1101 2293 1226 2351 iniiam-

145 2397 273 2456 matione
306 2414 442 2452 mucosae
478 2393 692 2452 intestinorum
721 2416 787 2452 cum
820 2395 999 2454 formatione
1020 2398 1226 2476 pseudomeni-

144 2501 305 2561 branarum
314 2544 323 2574 ,
343 2517 421 2576 quae
437 2518 491 2575 per
510 2517 603 2555 anum
619 2508 779 2556 evacuatae
795 2499 924 2576 speciem
942 2500 1154 2559 intestinorum
1177 2522 1225 2559 rc-

142 2605 285 2665 serebant.
325 2601 595 2659 Inflammationem
618 2601 730 2660 hancce
747 2612 847 2660 autem
867 2623 928 2661 uon
941 2604 1100 2663 resolutam
1117 2606 1151 2661 in
1161 2626 1226 2663 cor·

143 2729 214 2789 pore
242 2705 428 2775 cachectioo,
461 2724 528 2763 cum
551 2705 755 2776 membranam
782 2728 870 2783 qnam
901 2709 1030 2767 maxime
1048 2710 1084 2766 ad
1102 2709 1224 2767 indam-

144 2812 289 2872 mationes
308 2810 441 2888 impuras
468 2807 640 2886 dispositam
669 2807 877 2885 corripuisset,
904 2821 1002 2868 secuta
1018 2821 1062 2869 est
1080 2812 1226 2870 ulceratio

144 2917 285 2979 chronica
316 2914 529 2974 intestinorum
564 2934 632 2973 cum
672 2912 830 2970 diarrhoea
861 2914 1080 2994 colliquativa,
1114 2936 1222 2993 quam,

146 3035 299 3103 postquam
320 3043 372 3102 per
400 3019 553 3081 biennium
581 3018 721 3093 duravit,
751 3026 851 3077 secuta
873 3028 916 3076 est
944 3039 1023 3077 mors
1051 3018 1114 3078 sire
1142 3020 1225 3077 lenta

178 3273 210 3332 (7)
227 3275 343 3323 Scauros,
363 3271 488 3328 Bijbelsche
502 3265 662 3319 tuticusffl.
679 3284 701 3322 p.
718 3267 844 3309 att-653.

176 3353 208 3413 (8)
225 3356 343 3397 lanians
361 3356 460 3403 tusas,
475 3354 513 3394 Au
526 3351 642 3394 historical
655 3366 716 3407 essay
731 3367 759 3392 on
780 3351 816 3392 the
838 3356 895 3391 state
918 3348 943 3390 of
958 3349 1057 3404 Physicis
1076 3350 1100 3391 iu
1122 3351 1158 3391 tac
1180 3350 1223 3390 ott

145 3439 186 3480 aad
205 3439 262 3481 Now
275 3439 413 3480 Testament.
433 3436 497 3480 1729.
514 3451 537 3491 p.
557 3436 606 3478 102.

173 3518 204 3576 (9)
221 3522 364 3570 Rarsuauo,
378 3519 600 3562 Bibslkrsnlthciten.
615 3519 644 3560 Τ.
659 3518 691 3560 11.
706 3532 728 3571 p.
743 3517 781 3559 50,

176 3602 222 3662 (to)
239 3605 269 3647 R.
284 3604 371 3652 Mm,
390 3603 476 3645 Medica
495 3603 578 3651 Sacra,
592 3602 626 3643 ed.
642 3601 720 3656 Lugd.
733 3601 793 3644 But.
810 3599 873 3641 17⁸7.
891 3613 913 3653 p.
932 3597 967 3644 29.

177 3684 224 3743 (ll)
241 3687 396 3729 tunsos-ruas
413 3686 512 3735 Joanaa,
533 3685 592 3740 apud
604 3685 749 3729 tumueras.
764 3686 789 3727 do
802 3686 985 3728 mor-antimius.
1003 3701 1026 3741 p.
1043 3684 1079 3729 65.
