2754 4710
127 624 204 681 bane
232 623 498 692 necessitudinem,
530 624 626 700 qualis
656 622 736 700 apud
759 621 905 682 Hebraeos
934 636 1010 695 erat,
1046 637 1213 685 tractemus.

126 729 214 800 Quod
232 729 385 806 reliquum
404 737 468 803 est,
489 748 559 785 cum
577 727 675 786 cultus
695 728 785 786 unius
798 729 849 786 Dei
869 749 929 787 non
947 729 1005 788 nisi
1022 751 1076 809 per
1091 731 1213 809 religio-

128 832 175 891 nis
193 832 320 909 alicnjus
339 832 543 892 institutorem
565 831 643 911 apud
660 841 761 910 gentes
786 832 824 890 sit
852 842 935 891 ortus
954 832 1018 914 (lt),
1044 836 1137 895 Moses
1158 857 1214 894 au·

128 951 188 999 tem
208 940 323 998 cultum
346 941 435 998 unius
456 940 512 998 Dei
530 938 610 1017 apud
629 938 775 996 Hebraeos
799 936 986 1012 instituerit,
1021 939 1055 996 in
1081 950 1214 1017 pertrac-

125 1045 217 1104 tanda
237 1044 452 1101 necessitudine
474 1044 648 1123 religionem
671 1041 750 1100 inter
778 1050 808 1098 et
829 1039 1008 1098 medicinam
1038 1043 1118 1120 apud
1137 1043 1215 1100 hanc

126 1157 245 1227 gentem
263 1147 346 1204 intra
364 1147 474 1205 limites
493 1147 635 1206 Mosaicae
653 1146 806 1225 religionis
824 1168 870 1205 me
892 1148 1016 1222 tenebo,
1040 1148 1135 1206 missis
1157 1148 1214 1222 iis,

128 1272 221 1330 quae,
243 1271 281 1310 ex
307 1250 520 1309 consuetudine
544 1271 611 1308 cum
639 1251 708 1309 aliis
720 1252 853 1331 gentibus
877 1264 1014 1331 accepta,
1037 1252 1075 1310 ad
1097 1254 1217 1331 religio-

132 1377 177 1415 sas
196 1355 400 1414 Hebraeorum
423 1354 579 1434 opiniones
597 1356 717 1434 potius,
742 1377 831 1435 qumi
852 1357 889 1414 ad
909 1357 1024 1416 cultum
1048 1357 1137 1414 unius
1159 1357 1217 1415 Dei

131 1462 282 1542 pertinere
304 1460 381 1518 milri
400 1460 558 1530 videntur,
584 1460 685 1538 qualia
702 1470 771 1519 sunt
790 1482 820 1520 v.
852 1482 877 1520 e.
904 1482 955 1537 ea,
985 1483 1061 1540 quae
1080 1462 1116 1520 de
1135 1484 1217 1520 mor-

131 1565 175 1624 bis
197 1566 241 1622 ita
267 1564 355 1623 dictis
372 1563 572 1623 daemoniacis
589 1563 740 1643 imprimis
760 1566 841 1645 apud
860 1565 1061 1646 Evangelistas
1083 1568 1217 1645 legimus.
1288 1609 1291 1616 -

172 1668 260 1740 Quod
274 1668 311 1724 ad
331 1667 567 1746 Polytlreismmn
584 1670 713 1744 attinet,
737 1692 804 1728 cum
815 1716 824 1745 ,
847 1670 986 1729 Hebraeis
998 1672 1139 1749 exceptis,
1153 1693 1219 1729 cae-

134 1787 216 1834 terae
235 1794 336 1831 omnes
356 1785 454 1853 gentes
468 1776 569 1852 plures
587 1775 779 1833 adoraverint
790 1777 885 1848 Deos,
907 1775 970 1853 ipse
981 1775 1171 1852 diucogitari
1181 1775 1217 1830 de

137 1892 241 1962 gente,
263 1881 300 1938 de
330 1901 388 1959 qua
414 1880 566 1958 speciatim
595 1900 720 1958 agerem.
763 1882 903 1936 Attamen
928 1880 1032 1937 Graeci
1054 1879 1131 1936 milri
1152 1900 1219 1935 om-

132 1989 217 2046 nium
239 1984 371 2042 maxime
389 1983 578 2055 arridebant,
601 2004 667 2041 crim
685 1984 722 2037 ob
740 1983 940 2040 arctissimum
960 1984 1129 2056 vinculum,
1140 1985 1219 2060 quod

133 2090 240 2146 horum
262 2087 413 2144 culturam
432 2085 512 2143 inter
529 2095 559 2143 et
579 2084 711 2142 nostram
728 2087 870 2162 interest,
894 2097 958 2145 tum
973 2087 1063 2144 etiam
1076 2089 1219 2165 quoniam

132 2194 287 2252 rationalis
307 2190 454 2249 medicina
472 2212 490 2246 a
509 2189 629 2249 Graecis
652 2190 797 2269 originem
815 2191 913 2267 duxit,
934 2193 1068 2272 adeoque
1094 2191 1220 2273 Graeco7

135 2324 204 2362 rum
226 2301 350 2359 historia
371 2297 540 2356 evidentius
568 2296 631 2354 vim
654 2296 817 2353 maximam
843 2297 973 2369 indicat,
1000 2318 1091 2376 quam
1113 2297 1217 2375 religio

133 2408 165 2465 in
186 2404 365 2464 medicinam
397 2400 604 2459 elaborandam
622 2400 799 2472 exercuerit.
822 2401 947 2460 Graecos
967 2401 1067 2480 itaque
1085 2423 1220 2481 praeser-

135 2511 191 2568 tim
215 2506 417 2586 pertractabO,
443 2516 477 2563 ut
505 2504 754 2564 necessitudinem
783 2507 930 2582 indicem,
954 2527 1030 2584 qnae
1051 2519 1115 2566 erat
1138 2509 1218 2564 inter

135 2615 371 2693 Polytheismmn
389 2621 418 2669 et
438 2611 636 2683 medicinam,
658 2610 729 2668 adeo
749 2623 868 2687 tamen,
891 2622 925 2670 ut
942 2632 979 2671 er
1000 2612 1066 2671 aliis
1085 2613 1218 2691 gentibus

133 2718 294 2798 aliquando
318 2717 388 2774 talia
408 2716 465 2772 sim
487 2716 659 2786 traditurus,
684 2718 793 2795 quibus
811 2739 863 2794 ea,
889 2737 966 2795 qnae
985 2717 1021 2775 de
1044 2717 1161 2777 Graecis
1172 2717 1220 2774 di-

133 2845 225 2894 xero,
250 2823 340 2899 magis
357 2821 560 2878 illustrentur.
595 2821 728 2879 Tandem
756 2820 834 2898 quod
854 2841 958 2879 rerum
980 2821 1221 2879 distributionem

134 2931 263 3000 attinet,
285 2924 470 3003 principium
489 2924 588 2980 minus
610 2926 798 3003 agentibus,
823 2946 912 3002 quam
930 2924 965 2981 ab
982 2924 1046 3001 ipsa
1068 2925 1221 3002 religionis

134 3035 235 3093 forma
255 3030 345 3103 duxi,
367 3028 466 3086 dicam
494 3028 594 3104 itaque
613 3029 645 3086 in
668 3029 872 3106 prioreparte
895 3028 1016 3104 hujusce
1037 3028 1222 3086 dissertatio-

135 3137 201 3197 nis:
225 3136 261 3193 de
289 3126 537 3203 trecassitudine,
573 3152 651 3211 quoe
665 3133 756 3211 opud
778 3141 895 3188 eeteros
919 3141 987 3188 erat
1005 3130 1090 3187 inter
1115 3130 1221 3188 lllouo-

135 3243 303 3305 tacianum
332 3252 361 3299 et
396 3239 603 3298 medicinam:
632 3238 666 3295 in
691 3238 785 3295 altera
810 3236 845 3292 ds
867 3233 1120 3310 necessitudine,
1145 3256 1221 3314 quae

136 3348 355 3426 apodemus
377 3354 443 3402 erat
464 3344 551 3400 inter
573 3342 819 3420 Polytlsaismum
832 3340 1081 3399 st‘medier'nam.
1108 3339 1222 3410 Quibus

135 3448 273 3508 omnibus
293 3447 451 3527 expositis,
474 3445 577 3525 paucis
599 3466 633 3504 ea
651 3447 775 3517 addam,
801 3444 906 3522 quibus
928 3443 1008 3502 inter
1019 3463 1050 3502 se
1060 3446 1223 3502 convenie-

135 3555 200 3624 bat,
216 3563 341 3631 utraque
369 3550 577 3622 necessitud0,
611 3570 720 3631 eaque,
753 3550 858 3629 quibus
893 3571 910 3606 a
937 3569 966 3606 se
999 3547 1161 3609 differebat.

128 3687 254 3695 Μ..-
264 3686 322 3694 —·--

172 3749 205 3809 (4)
225 3753 346 3802 bisinnus,
368 3753 383 3792 l.
398 3767 418 3794 c.
439 3767 461 3806 p.
478 3728 527 3793 30..
