2754 4710
573 449 793 509 -lst-

145 609 215 667 uiro
245 609 408 669 clarissimo
437 631 467 669 v.
502 610 642 692 Limburg
666 612 814 674 Brouwer
840 613 1044 672 narrationem
1068 611 1104 670 de
1123 610 1204 690 Euru-

143 714 209 774 dice
248 713 284 771 ab
312 713 418 772 inseris
448 714 618 773 carminum
648 736 703 794 ope
744 727 884 777 revocata
925 716 963 774 ad
990 716 1205 795 exaggerationes

112 838 115 843 ·
145 819 290 894 reseram,
317 839 392 898 quas
421 819 598 878 recentiores
623 819 820 880 admiratione
850 821 932 879 ducti
954 820 991 879 de
1009 818 1206 900 antiquissimis

144 924 284 983 heroibus
312 925 520 1004 excogitarunt
538 924 595 1005 (4).
636 925 722 998 Quod
744 925 782 983 ad
802 927 954 985 Musaeum
976 924 1106 1000 attinet,
1136 922 1208 1002 quia

145 1029 295 1107 plerisque
322 1028 437 1108 Orphei
467 1029 630 1109 discipulus
660 1038 785 1088 vocatur
816 1027 878 1108 (5),
911 1048 980 1087 eum
1000 1025 1175 1086 medicinam
1189 1033 1212 1084 et

146 1131 320 1192 vaticinium
345 1136 528 1210 exercuisse,
555 1153 594 1193 ex
620 1135 659 1193 iis
688 1135 833 1194 conficere
863 1152 1035 1212 possumus,
1057 1151 1131 1210 quae
1148 1129 1214 1211 apud

146 1236 377 1315 Aristophanem
414 1237 557 1296 dicuutur
594 1237 654 1318 (6),
686 1239 818 1314 scilicet,
855 1238 1014 1318 Orpheum
1044 1237 1215 1296 initiationes

108 1414 110 1419 .
144 1340 278 1400 docuisse
306 1351 338 1399 et
368 1362 386 1398 a
414 1341 553 1401 caedibus
584 1341 750 1419 abstinere,
788 1344 938 1403 Musaeum
967 1350 1067 1400 autam
1099 1341 1217 1400 remedia

145 1445 316 1512 morborum
343 1454 374 1503 et
392 1445 555 1504 vaticinia:
583 1445 672 1503 etiam
698 1444 752 1503 alii
782 1446 928 1506 vaticinia
947 1445 1065 1504 Musaeo
1093 1443 1218 1522 adscrip-

144 1557 266 1621 serunt,
296 1567 373 1626 quae
402 1548 492 1625 juxta
519 1548 695 1608 herodotum
734 1559 868 1628 ternpore
908 1548 1092 1610 Onomacriti
1130 1547 1219 1606 adhuc

145 1652 326 1711 exstiterunt
353 1653 410 1732 (7)
461 1653 509 1711 An
539 1653 620 1712 idem
647 1652 706 1711 fuit
730 1653 889 1713 sacerdos?
930 1652 979 1712 Ex
999 1653 1064 1710 loco
1081 1671 1120 1711 ex
1141 1651 1219 1711 Aris·

145 1756 273 1836 tophane
298 1757 392 1816 citato
418 1758 477 1816 tale
504 1758 578 1837 quid
604 1775 665 1818 non
694 1766 794 1836 patet3
819 1755 969 1816 Diodorus
991 1774 1066 1814 vero
1084 1774 1154 1812 eum
1173 1773 1222 1812 au·

143 1858 269 1919 tistitem
301 1860 512 1940 mysteriarum
545 1860 714 1921 Eleusiniae
742 1860 847 1920 Matris
875 1867 964 1919 vocat
988 1856 1051 1940 (8),
1080 1856 1164 1937 quod
1189 1855 1222 1915 ad

144 1963 322 2022 sacerdotale
357 1984 466 2023 munus
495 1974 627 2043 spectare
657 1965 788 2024 videtur.
841 1964 929 2043 Magis
959 1963 1050 2022 etiam
1079 1960 1223 2021 boccum

146 2067 203 2145 iis,
221 2069 341 2148 quaeda
357 2070 538 2150 sapientibus
559 2070 610 2146 huj
617 2093 649 2129 us
669 2070 737 2129 aevi
755 2069 905 2139 diximus,
930 2067 1090 2143 convenit,
1116 2085 1221 2143 quam,

144 2177 169 2232 si
187 2175 385 2254 accipiamus,
410 2177 559 2236 Musaeum
582 2187 682 2235 vatem
703 2172 823 2251 quidem
855 2181 885 2229 et
907 2170 1076 2240 medicum,
1098 2168 1151 2227 sed
1169 2187 1226 2228 non

144 2279 325 2338 sacerdotem
353 2279 460 2339 fuisse:
488 2290 518 2338 et
546 2280 646 2338 forsan
677 2282 764 2356 po‘c'ta
791 2276 912 2351 dicens,
946 2273 1104 2352 Orpheum
1123 2271 1229 2335 initie-

142 2381 239 2439 tiones
255 2382 398 2455 docuisse,
423 2393 453 2440 et
470 2382 581 2442 Musaei
604 2391 747 2460 tanquam
768 2380 975 2439 initiationum
992 2377 1124 2438 doctoris
1144 2397 1230 2437 meu·

143 2487 257 2544 tionam
275 2507 337 2544 non
358 2486 488 2563 faciens,
516 2483 723 2545 tantummodo
744 2483 877 2562 indicare
902 2481 1049 2554 voluerit,
1073 2482 1232 2542 Musaeum

145 2609 226 2663 non,
256 2590 303 2646 uti
327 2589 496 2668 Orpheum,
534 2597 616 2649 sac'ra
641 2587 834 2660 instituisse,
870 2587 941 2647 licet
972 2586 1094 2665 quidem
1127 2585 1232 2647 eadem

143 2693 322 2752 exercuerit.
364 2693 462 2766 Quam
481 2695 596 2752 obrem
617 2714 685 2753 cum
705 2693 809 2772 aliqua
828 2692 964 2752 veritatis
984 2690 1080 2771 specie
1099 2701 1233 2753 statuere

144 2789 315 2877 posssimus,
358 2799 509 2857 Musaeum
542 2818 636 2877 aeque
667 2807 758 2879 atque
789 2797 944 2876 Orpheum
977 2805 1233 2876 praeceptorem,

144 2902 343 2975 sacerdotem,
364 2913 464 2962 vatem
482 2914 512 2962 et
533 2903 681 2963 medicum
703 2901 806 2962 fuisse.

174 3189 207 3245 (4)
223 3189 251 3230 P.
265 3202 289 3231 v.
303 3187 416 3230 Lruauuo
427 3187 565 3228 Buouursn.
580 3202 600 3228 o.
616 3188 633 3229 1.
650 3189 713 3230 Part.
730 3189 749 3228 1.
765 3187 830 3227 Tom.
846 3185 866 3226 1,
881 3198 904 3238 p.
921 3181 975 3225 347-
987 3188 1063 3223 annot.
1080 3180 1120 3225 59.

174 3268 207 3326 (5)
225 3269 290 3311 Suro.
305 3267 382 3310 Lexic.
403 3267 432 3308 T.
450 3267 483 3308 II.
498 3281 522 3321 p.
538 3264 591 3308 578.
607 3267 640 3311 ed.
655 3270 770 3316 Ktisrnur,
786 3267 845 3328 Tar.
861 3265 925 3306 Orat.
942 3269 1019 3304 contra
1034 3263 1146 3315 Graecos,
1164 3281 1187 3310 c.
1198 3267 1235 3310 61.

146 3365 169 3406 p.
188 3348 238 3392 134.
255 3348 293 3391 cf.
307 3363 328 3393 c.
345 3348 382 3390 63.
399 3362 423 3403 p.
440 3345 489 3390 139.
505 3372 536 3381 —
552 3347 589 3389 Cs.
603 3349 671 3397 Pius,
686 3349 716 3390 X.
734 3348 761 3396 7,
778 3345 817 3400 qui
836 3344 905 3394 dicit,
926 3345 1045 3386 Musaeum
1058 3345 1187 3401 Orpheum
1202 3363 1239 3392 ae.

146 3433 259 3474 mulatum
273 3447 333 3482 esre,
347 3437 371 3474 et
385 3432 454 3472 Dion.
471 3431 517 3472 Src.
531 3431 583 3474 Lib.
600 3431 644 3479 IV.
665 3447 685 3474 c.
702 3429 739 3475 25.
757 3431 796 3484 (T.
814 3429 834 3473 1.
851 3444 874 3485 p.
891 3427 1018 3484 271.),qui
1036 3442 1090 3472 cum
1104 3431 1200 3488 Orphei
1213 3436 1240 3478 fi.

145 3518 202 3560 lium
215 3525 288 3562 vocat.
304 3517 353 3560 Alii
365 3524 442 3559 contra
458 3514 490 3567 (r.
506 3531 528 3559 c.
549 3517 626 3558 caru.
649 3515 727 3556 Aiax.
743 3513 826 3554 Strom.
842 3509 894 3552 Lib.
910 3509 931 3552 1.
945 3525 968 3566 p.
983 3509 1036 3553 39⁷.
1052 3511 1166 3558 Porrus.
1186 3515 1240 3560 143.

146 3601 229 3655 sias.)
245 3616 296 3643 eum
309 3600 394 3656 Orphei
406 3606 571 3656 praeceptorem
584 3603 673 3640 vocant.

178 3682 211 3736 (6)
228 3682 354 3725 Anrsroru.
376 3683 436 3726 Rau.
454 3681 510 3725 1032
523 3696 556 3735 sq.

177 3760 211 3818 (7)
226 3763 350 3805 Parnosru.
366 3765 457 3823 Hero'r'c.
471 3778 494 3818 p.
510 3763 547 3807 99.
564 3759 766 3813 (aaronem)
781 3755 865 3812 peso.
881 3754 924 3807 (ed.
933 3757 1044 3812 Ouum).
1062 3757 1166 3806 Hauon.
1177 3764 1241 3808 VII,

149 3848 171 3888 s,
187 3843 230 3886 1x.
246 3842 283 3887 ss.
832 3829 834 3832 ’

179 3925 212 3982 (8)
228 3926 298 3968 Dion.
314 3927 360 3968 Sic.
377 3927 428 3969 Lib.
444 3928 490 3972 lv.
510 3940 530 3968 c.
547 3924 582 3968 25.
