2754 4710
657 446 877 506 -136-

212 599 288 666 nali,
316 598 401 662 'veste
433 603 498 662 alba
526 604 614 662 talari
644 626 712 664 cum
730 607 857 684 patella,
878 606 927 664 cui
948 624 1030 663 maza
1047 602 1235 684 imponitur,
1258 599 1297 662 acl

211 727 300 785 quam
330 727 448 786 serpens
476 707 620 787 adspirat,
642 730 726 788 saepe
746 711 837 771 etiam
856 709 989 788 pingitur
1007 728 1126 786 serpens
1142 728 1182 766 ex
1201 726 1296 768 mann

211 809 388 886 porrigentis
420 809 537 890 Hygeae
560 811 716 890 accipiens.
764 813 808 872 Ex
842 814 938 893 capite
976 813 1041 889 ejus
1075 832 1160 891 saepe
1197 811 1297 871 instar

211 903 313 973 stellae
332 915 448 974 relucet
464 924 677 994 pentagonum.
701 917 788 976 lineis
807 916 952 994 peculiari
964 916 1080 975 ratione
1096 916 1177 977 inter
1195 905 1299 973 sede-

211 1017 310 1077 ductis
339 1017 417 1097 (41).
458 1021 588 1079 Panacea
609 1020 697 1095 juxta
729 1021 921 1080 Scholiastem
939 1020 972 1078 in
992 1020 1204 1098 Aristophanis
1223 1019 1298 1079 Plu·
1337 1090 1342 1100 .

141 1180 145 1187 ,
210 1132 273 1181 tum
302 1142 361 1182 non
387 1134 451 1181 erat
476 1123 538 1182 filia
561 1124 745 1202 Aesculapii,
768 1123 818 1182 sed
836 1123 1011 1202 Amphiarai
1034 1122 1118 1204 (²12):
1141 1123 1175 1181 in
1203 1122 1294 1198 cujus

209 1225 320 1303 templo
341 1226 422 1300 apud
437 1226 565 1305 Oropios
585 1237 650 1286 erat
667 1233 733 1296 ara,
760 1227 846 1310 cujus
862 1249 929 1306 pars
938 1228 1087 1287 Panaceae
1095 1239 1160 1286 erat
1171 1227 1291 1285 dicata:

210 1329 259 1386 sed
277 1331 494 1390 observandum
514 1342 576 1405 est,
600 1332 689 1409 hujus
708 1353 775 1421 araga
793 1341 907 1410 partem
930 1332 1020 1390 etiam
1040 1331 1156 1410 Hygeae
1176 1340 1209 1388 et
1234 1329 1293 1390 Mi-

209 1455 320 1493 nervae
357 1437 502 1494 Paeoniae
528 1437 617 1496 fuisse
641 1438 769 1496 dicatam
798 1435 884 1517 (43),
916 1456 1009 1516 qnam
1036 1437 1072 1494 ob
1093 1456 1157 1495 rem
1177 1435 1291 1494 exhac
1328 1508 1331 1513 ι

208 1539 242 1597 in
273 1541 385 1618 templo
414 1541 589 1619 Amphiarai
608 1543 756 1600 Panaceae
773 1540 870 1598 dicata
887 1562 940 1598 ara
961 1561 1021 1599 non
1038 1522 1168 1599 multum
1186 1539 1226 1597 ad
1244 1561 1292 1618 ge-

211 1644 374 1720 nealogiam
393 1644 483 1719 hujus
502 1648 581 1704 Deae
599 1655 643 1704 est
661 1643 891 1703 conficiendum.
934 1645 979 1701 De
999 1643 1134 1702 omnibus
1153 1642 1289 1716 verohis,

210 1757 245 1804 ut
277 1747 490 1818 credebantur,
527 1749 642 1808 filiabus
674 1746 843 1825 Aesculapii
869 1746 1030 1806 dubitandi
1056 1757 1100 1805 est
1127 1749 1227 1818 locus,
1256 1766 1292 1804 an

212 1851 335 1928 quidem
353 1852 436 1912 huuc
454 1863 569 1931 patrem
590 1851 767 1925 habuerint,
792 1862 821 1909 et
845 1872 944 1909 annon
968 1851 1066 1930 potius
1085 1854 1163 1911 Deae
1182 1852 1290 1930 allego-

210 1953 290 2014 ricae
310 1956 371 2014 sint
387 1955 555 2026 habendae,
579 1976 656 2034 qnae
676 1956 834 2014 recentiori
854 1967 1006 2036 tempore,
1032 1977 1126 2034 quum
1153 1957 1293 2021 Aescula-¹

213 2059 280 2137 pius
304 2060 368 2134 jam
392 2060 529 2138 pluribus
559 2061 593 2118 in
613 2060 683 2118 locis
700 2061 812 2140 templa
828 2061 974 2134 habebat,
996 2070 1066 2120 sunt
1098 2061 1293 2140 excogitatae.

215 2163 272 2239 Qui
291 2165 372 2221 enim
397 2164 433 2222 de
455 2165 630 2242 Aesculapio
646 2165 734 2222 heroe
756 2165 941 2242 loquuntur,
963 2165 1093 2222 filiarum
1116 2165 1296 2223 mentionem

212 2289 273 2325 non
307 2270 439 2342 faciunt,
475 2279 505 2327 et
538 2269 609 2327 licet
647 2269 726 2347 apud
762 2279 876 2325 veteres
911 2275 1047 2325 auctores
1084 2267 1201 2344 saepius
1233 2267 1298 2344 ejus

207 2371 288 2427 ‘lilios
298 2391 458 2448 eorumque
470 2392 515 2429 res
526 2381 618 2450 gestas
627 2373 811 2430 offendamus
821 2419 829 2446 ,
852 2392 998 2449 nusquam
1008 2372 1045 2429 de
1057 2371 1112 2442 iis,
1130 2391 1208 2448 quae
1219 2371 1298 2430 filiae

212 2474 361 2545 fecissent,
386 2495 483 2552 neque
504 2496 577 2554 quas
590 2475 626 2532 ob
635 2486 749 2533 caussas
768 2473 806 2531 iis
825 2474 924 2533 (livini
945 2474 1072 2532 honores
1086 2473 1154 2532 'sint
1168 2475 1299 2547 tributi,

213 2597 311 2635 sermo
331 2587 385 2635 est.
407 2578 543 2649 Primus,
561 2578 640 2656 apud
659 2597 748 2656 quem
771 2576 886 2656 llygeae
905 2578 1027 2656 vestigia
1038 2576 1228 2643 offendimus,
1257 2589 1301 2638 est

214 2689 298 2761 pocta
309 2684 492 2761 Licymnius,
506 2681 676 2754 Simonidis,
695 2682 815 2741 oliveri
825 2694 868 2741 est
878 2683 984 2755 simile,
1001 2683 1143 2762 aequalis,
1160 2682 1194 2741 in
1216 2684 1301 2762 cujus

213 2789 394 2867 fragmenm,
406 2789 484 2866 qnod
492 2790 565 2848 citat
575 2790 683 2848 Sextus
693 2787 862 2866 Empiricos
884 2787 961 2865 (All,
973 2787 1095 2846 nomine
1106 2787 1212 2846 Matris
1234 2798 1304 2847 tan-

216 2913 307 2972 quam
327 2895 389 2950 Dea
400 2895 566 2965 invocatur,
590 2893 622 2950 in
633 2892 747 2969 hymno
756 2890 888 2970 Orphica
896 2869 930 2957 in
939 2892 1145 2970 Aesculapium
1156 2913 1236 2951 uxor
1246 2893 1307 2952 hu-

211 2998 261 3073 jns
285 2999 340 3056 Dei
363 2997 530 3076 appellatur
554 2994 639 3077 (l5);
661 3007 691 3054 et
713 2994 874 3054 Pausaniae
896 3005 1030 3075 tempore
1049 2978 1117 3053 erat
1131 2997 1308 3078 Aesculapii

246 3261 293 3314 (41)
311 3261 525 3307 llunuanruancx,
541 3260 558 3301 1,
574 3273 594 3301 c.
611 3273 633 3312 p.
651 3258 687 3302 29.
703 3260 822 3308 Senonas,
836 3260 937 3301 ilistoria
953 3259 1090 3307 Medicinae,
1101 3258 1194 3314 feriol.
1212 3260 1232 3306 Ι,
1242 3262 1308 3305 Seet.

216 3345 249 3385 ΙΙ.
264 3357 283 3384 c.
299 3344 320 3384 4.
334 3344 346 3396 ᾗ
361 3340 397 3382 2⁰.
430 3341 467 3383 Cs.
484 3342 655 3389 Mammeos,
677 3339 816 3398 L'antiquitd
831 3340 964 3396 expliqude,
986 3341 1015 3384 T.
1038 3343 1057 3382 1.
1079 3342 1143 3389 Part.
1158 3341 1193 3385 11.
1208 3357 1232 3397 p.
1250 3343 1308 3387 288.

215 3424 314 3467 Planche
330 3423 380 3465 189.

246 3507 295 3561 (42)
311 3506 385 3547 Schol.
400 3505 424 3546 in
438 3505 563 3547 Animosa.
583 3505 651 3555 Plus,
662 3519 696 3548 vs.
712 3504 762 3548 701.
780 3506 823 3558 (ad.
839 3506 964 3560 Kiisrunr).

246 3587 294 3640 (43)
310 3588 377 3628 Pius.
394 3585 467 3628 l..34.
502 3608 504 3613 ·
974 3634 976 3638 ‚

246 3668 484 3722 (ltlttaxr.Enr1n.
502 3670 553 3711 adv.
576 3670 694 3713 Etnnicos:
712 3670 763 3712 Lib,
784 3670 828 3712 XI.
856 3670 917 3723 549.
940 3683 962 3722 p.
979 3667 1028 3709 701.
1051 3668 1085 3708 ed.
1107 3668 1206 3710 Fannia.
1225 3671 1267 3716 ef.
1284 3680 1309 3714 et

216 3757 340 3795 Arrianus
355 3751 502 3793 Srcrousnsrs
515 3752 576 3806 apud
590 3753 687 3794 Bnuncn
703 3751 798 3793 analect.
814 3750 867 3793 Vol.
884 3751 903 3790 1.
918 3763 939 3802 p.
957 3746 1005 3791 159.
1071 3772 1077 3783 ·

248 3831 294 3886 (45)
311 3834 392 3874 onas:
402 3832 479 3886 hymn.
502 3833 525 3874 in
540 3833 631 3875 Aescul.

321 3915 430 3987 Φοίβου
455 3915 639 3980 ’Λπόλλωνος
655 3918 791 3992 κρατερὸν
813 3917 1134 3992 vdailos‹lylnro‘popuoa

322 4019 431 4097 Ἐχθρὲ
454 4025 562 4084 νόσων,
588 4028 715 4098 ‘Yyaea'nv
732 4024 803 4093 ἔχων
823 4022 995 4098 συλλὲκτρον
1016 4021 1142 4096 ἀμεμφῆ.
