<?xml version="1.0" encoding="UTF-8"?>
<!DOCTYPE html PUBLIC "-//W3C//DTD XHTML 1.0 Transitional//EN"
    "http://www.w3.org/TR/xhtml1/DTD/xhtml1-transitional.dtd">
<html xmlns="http://www.w3.org/1999/xhtml" xml:lang="en" lang="en">
 <head>
  <title>
</title>
<meta http-equiv="Content-Type" content="text/html;charset=utf-8" />
  <meta name='ocr-system' content='tesseract 3.04.00' />
  <meta name='ocr-capabilities' content='ocr_page ocr_carea ocr_par ocr_line ocrx_word'/>
</head>
<body>
  <div class='ocr_page' id='page_1' title='image "./dissertatiohist00sijbgoog_0134.png"; bbox 0 0 2754 4710; ppageno 0'>
   <div class='ocr_carea' id='block_1_1' title="bbox 583 456 804 512">
    <p class='ocr_par' dir='ltr' id='par_1_1' title="bbox 583 456 804 512">
     <span class='ocr_line' id='line_1_1' title="bbox 583 456 804 512; baseline 0.005 -1"><span class='ocrx_word' id='word_1_1' title='bbox 583 456 804 512; x_wconf 78' lang='lat' dir='ltr'><strong>-nr-</strong></span> 
     </span>
    </p>
   </div>
   <div class='ocr_carea' id='block_1_2' title="bbox 141 610 1234 1734">
    <p class='ocr_par' dir='ltr' id='par_1_2' title="bbox 141 610 1234 1734">
     <span class='ocr_line' id='line_1_2' title="bbox 144 610 1228 694; baseline -0.004 -23"><span class='ocrx_word' id='word_1_2' title='bbox 144 611 356 694; x_wconf 81' lang='lat' dir='ltr'><strong>praedicendi,</strong></span> <span class='ocrx_word' id='word_1_3' title='bbox 387 633 484 691; x_wconf 81' lang='lat' dir='ltr'><strong>neque</strong></span> <span class='ocrx_word' id='word_1_4' title='bbox 520 634 553 672; x_wconf 82' lang='lat' dir='ltr'><strong>ex</strong></span> <span class='ocrx_word' id='word_1_5' title='bbox 580 617 722 690; x_wconf 86' lang='lat' dir='ltr'><strong>somniis,</strong></span> <span class='ocrx_word' id='word_1_6' title='bbox 743 632 842 693; x_wconf 89' lang='lat' dir='ltr'><strong>neque</strong></span> <span class='ocrx_word' id='word_1_7' title='bbox 876 631 911 671; x_wconf 81' lang='lat' dir='ltr'><strong>ex</strong></span> <span class='ocrx_word' id='word_1_8' title='bbox 937 612 995 669; x_wconf 89' lang='lat' dir='ltr'><strong>alia</strong></span> <span class='ocrx_word' id='word_1_9' title='bbox 1016 611 1077 669; x_wconf 85' lang='lat' dir='ltr'><strong>ulla</strong></span> <span class='ocrx_word' id='word_1_10' title='bbox 1096 610 1228 683; x_wconf 81' lang='lat' dir='ltr'><strong>ratione,</strong></span> 
     </span>
     <span class='ocr_line' id='line_1_3' title="bbox 141 715 1231 800; baseline -0.004 -25"><span class='ocrx_word' id='word_1_11' title='bbox 141 716 301 776; x_wconf 85' lang='lat' dir='ltr'><strong>scientiam</strong></span> <span class='ocrx_word' id='word_1_12' title='bbox 326 715 471 775; x_wconf 86' lang='lat' dir='ltr'><strong>tributam</strong></span> <span class='ocrx_word' id='word_1_13' title='bbox 499 716 591 777; x_wconf 87' lang='lat' dir='ltr'><strong>luisse</strong></span> <span class='ocrx_word' id='word_1_14' title='bbox 620 719 697 800; x_wconf 83' lang='lat'><strong><em>(55).</em></strong></span> <span class='ocrx_word' id='word_1_15' title='bbox 736 719 820 777; x_wconf 82' lang='lat' dir='ltr'>Licet</span> <span class='ocrx_word' id='word_1_16' title='bbox 848 717 941 795; x_wconf 83' lang='lat' dir='ltr'><strong>igitur</strong></span> <span class='ocrx_word' id='word_1_17' title='bbox 968 715 1088 773; x_wconf 85' lang='lat' dir='ltr'><strong>divinos</strong></span> <span class='ocrx_word' id='word_1_18' title='bbox 1105 715 1231 774; x_wconf 79' lang='lat' dir='ltr'>honores</span> 
     </span>
     <span class='ocr_line' id='line_1_4' title="bbox 144 819 1231 903; baseline -0.005 -24"><span class='ocrx_word' id='word_1_19' title='bbox 144 821 312 898; x_wconf 88' lang='lat' dir='ltr'><strong>acciperet,</strong></span> <span class='ocrx_word' id='word_1_20' title='bbox 335 820 397 898; x_wconf 90' lang='lat' dir='ltr'><strong>ipse</strong></span> <span class='ocrx_word' id='word_1_21' title='bbox 419 833 563 900; x_wconf 87' lang='lat' dir='ltr'><strong>tunquam</strong></span> <span class='ocrx_word' id='word_1_22' title='bbox 582 823 658 883; x_wconf 87' lang='lat' dir='ltr'><strong>Deus</strong></span> <span class='ocrx_word' id='word_1_23' title='bbox 677 824 784 896; x_wconf 90' lang='lat' dir='ltr'><strong>miuus,</strong></span> <span class='ocrx_word' id='word_1_24' title='bbox 798 842 890 900; x_wconf 87' lang='lat' dir='ltr'><strong>quam</strong></span> <span class='ocrx_word' id='word_1_25' title='bbox 913 829 1057 899; x_wconf 87' lang='lat' dir='ltr'><strong>tanquam</strong></span> <span class='ocrx_word' id='word_1_26' title='bbox 1076 819 1164 903; x_wconf 83' lang='lat' dir='ltr'><strong>heros</strong></span> <span class='ocrx_word' id='word_1_27' title='bbox 1180 837 1231 875; x_wconf 86' lang='lat' dir='ltr'><strong>co-</strong></span> 
     </span>
     <span class='ocr_line' id='line_1_5' title="bbox 149 923 1234 1004; baseline -0.001 -22"><span class='ocrx_word' id='word_1_28' title='bbox 149 923 278 984; x_wconf 89' lang='lat' dir='ltr'><strong>lebatur.</strong></span> <span class='ocrx_word' id='word_1_29' title='bbox 322 923 501 1001; x_wconf 87' lang='lat' dir='ltr'><strong>Hujusmodi</strong></span> <span class='ocrx_word' id='word_1_30' title='bbox 522 925 651 986; x_wconf 77' lang='lat' dir='ltr'><strong>honores</strong></span> <span class='ocrx_word' id='word_1_31' title='bbox 665 929 754 987; x_wconf 85' lang='lat' dir='ltr'><strong>etiam</strong></span> <span class='ocrx_word' id='word_1_32' title='bbox 775 929 831 1002; x_wconf 87' lang='lat' dir='ltr'><strong>iis,</strong></span> <span class='ocrx_word' id='word_1_33' title='bbox 854 927 906 1004; x_wconf 89' lang='lat' dir='ltr'><strong>qui</strong></span> <span class='ocrx_word' id='word_1_34' title='bbox 921 925 1081 985; x_wconf 83' lang='lat' dir='ltr'><strong>recentiori</strong></span> <span class='ocrx_word' id='word_1_35' title='bbox 1101 935 1234 1002; x_wconf 81' lang='lat' dir='ltr'><strong>tempore</strong></span> 
     </span>
     <span class='ocr_line' id='line_1_6' title="bbox 145 1024 1231 1108; baseline -0.004 -23"><span class='ocrx_word' id='word_1_36' title='bbox 145 1029 220 1087; x_wconf 88' lang='lat' dir='ltr'><strong>hene</strong></span> <span class='ocrx_word' id='word_1_37' title='bbox 247 1029 283 1085; x_wconf 90' lang='lat' dir='ltr'><strong>de</strong></span> <span class='ocrx_word' id='word_1_38' title='bbox 308 1029 455 1089; x_wconf 85' lang='lat' dir='ltr'><strong>medicina</strong></span> <span class='ocrx_word' id='word_1_39' title='bbox 490 1043 685 1108; x_wconf 87' lang='lat' dir='ltr'><strong>meruerunt,</strong></span> <span class='ocrx_word' id='word_1_40' title='bbox 726 1031 948 1099; x_wconf 79' lang='lat' dir='ltr'>tribuebantur,</span> <span class='ocrx_word' id='word_1_41' title='bbox 982 1028 1028 1085; x_wconf 87' lang='lat' dir='ltr'><strong>uti</strong></span> <span class='ocrx_word' id='word_1_42' title='bbox 1054 1027 1091 1083; x_wconf 90' lang='lat' dir='ltr'><strong>de</strong></span> <span class='ocrx_word' id='word_1_43' title='bbox 1119 1024 1231 1084; x_wconf 83' lang='lat' dir='ltr'><strong>Toxari</strong></span> 
     </span>
     <span class='ocr_line' id='line_1_7' title="bbox 147 1128 1234 1215; baseline -0.004 -24"><span class='ocrx_word' id='word_1_44' title='bbox 147 1131 278 1210; x_wconf 81' lang='lat' dir='ltr'><strong>Scytha,</strong></span> <span class='ocrx_word' id='word_1_45' title='bbox 312 1134 366 1210; x_wconf 90' lang='lat' dir='ltr'><strong>qui</strong></span> <span class='ocrx_word' id='word_1_46' title='bbox 393 1155 451 1191; x_wconf 87' lang='lat' dir='ltr'><strong>nou</strong></span> <span class='ocrx_word' id='word_1_47' title='bbox 480 1135 534 1192; x_wconf 86' lang='lat' dir='ltr'><strong>din</strong></span> <span class='ocrx_word' id='word_1_48' title='bbox 556 1146 769 1215; x_wconf 86' lang='lat' dir='ltr'><strong>postmortem</strong></span> <span class='ocrx_word' id='word_1_49' title='bbox 792 1133 915 1193; x_wconf 88' lang='lat' dir='ltr'><strong>llthenis</strong></span> <span class='ocrx_word' id='word_1_50' title='bbox 933 1153 987 1211; x_wconf 89' lang='lat' dir='ltr'><strong>pro</strong></span> <span class='ocrx_word' id='word_1_51' title='bbox 1005 1131 1095 1189; x_wconf 88' lang='lat' dir='ltr'><strong>heroe</strong></span> <span class='ocrx_word' id='word_1_52' title='bbox 1115 1140 1159 1187; x_wconf 88' lang='lat' dir='ltr'><strong>est</strong></span> <span class='ocrx_word' id='word_1_53' title='bbox 1179 1128 1234 1187; x_wconf 87' lang='lat' dir='ltr'><strong>ha-</strong></span> 
     </span>
     <span class='ocr_line' id='line_1_8' title="bbox 143 1236 1229 1320; baseline -0.002 -27"><span class='ocrx_word' id='word_1_54' title='bbox 143 1236 244 1311; x_wconf 87' lang='lat' dir='ltr'><strong>bitus,</strong></span> <span class='ocrx_word' id='word_1_55' title='bbox 266 1247 369 1295; x_wconf 85' lang='lat' dir='ltr'><strong>narrat</strong></span> <span class='ocrx_word' id='word_1_56' title='bbox 389 1238 536 1297; x_wconf 83' lang='lat' dir='ltr'><strong>Luciacus</strong></span> <span class='ocrx_word' id='word_1_57' title='bbox 557 1239 634 1320; x_wconf 82' lang='lat'>(56).</span> <span class='ocrx_word' id='word_1_58' title='bbox 679 1241 766 1300; x_wconf 90' lang='lat' dir='ltr'><strong>llnnc</strong></span> <span class='ocrx_word' id='word_1_59' title='bbox 782 1242 814 1298; x_wconf 92' lang='lat' dir='ltr'><strong>in</strong></span> <span class='ocrx_word' id='word_1_60' title='bbox 832 1260 936 1318; x_wconf 84' lang='lat' dir='ltr'><strong>magua</strong></span> <span class='ocrx_word' id='word_1_61' title='bbox 958 1238 1011 1296; x_wconf 89' lang='lat' dir='ltr'><strong>illa</strong></span> <span class='ocrx_word' id='word_1_62' title='bbox 1037 1236 1229 1316; x_wconf 77' lang='lat' dir='ltr'><strong>pestilentia,</strong></span> 
     </span>
     <span class='ocr_line' id='line_1_9' title="bbox 144 1341 1234 1423; baseline -0.001 -25"><span class='ocrx_word' id='word_1_63' title='bbox 144 1361 236 1417; x_wconf 84' lang='lat' dir='ltr'><strong>quarn</strong></span> <span class='ocrx_word' id='word_1_64' title='bbox 255 1341 409 1420; x_wconf 80' lang='lat' dir='ltr'><strong>descripsit</strong></span> <span class='ocrx_word' id='word_1_65' title='bbox 429 1343 640 1422; x_wconf 77' lang='lat' dir='ltr'><strong>Thucydides,</strong></span> <span class='ocrx_word' id='word_1_66' title='bbox 666 1365 758 1423; x_wconf 91' lang='lat' dir='ltr'><strong>quum</strong></span> <span class='ocrx_word' id='word_1_67' title='bbox 772 1346 899 1404; x_wconf 81' lang='lat' dir='ltr'><strong>drnaute</strong></span> <span class='ocrx_word' id='word_1_68' title='bbox 916 1344 980 1404; x_wconf 86' lang='lat' dir='ltr'><strong>vita</strong></span> <span class='ocrx_word' id='word_1_69' title='bbox 991 1343 1098 1402; x_wconf 81' lang='lat' dir='ltr'><strong>medici</strong></span> <span class='ocrx_word' id='word_1_70' title='bbox 1110 1361 1234 1400; x_wconf 87' lang='lat' dir='ltr'><strong>munere</strong></span> 
     </span>
     <span class='ocr_line' id='line_1_10' title="bbox 144 1444 1233 1528; baseline -0.001 -26"><span class='ocrx_word' id='word_1_71' title='bbox 144 1446 269 1504; x_wconf 78' lang='lat' dir='ltr'><strong>functus</strong></span> <span class='ocrx_word' id='word_1_72' title='bbox 306 1444 407 1503; x_wconf 82' lang='lat' dir='ltr'><strong>luisset</strong></span> <span class='ocrx_word' id='word_1_73' title='bbox 418 1493 426 1521; x_wconf 91' lang='lat'><strong>,</strong></span> <span class='ocrx_word' id='word_1_74' title='bbox 449 1469 503 1526; x_wconf 85' lang='lat' dir='ltr'><strong>per</strong></span> <span class='ocrx_word' id='word_1_75' title='bbox 523 1461 657 1528; x_wconf 82' lang='lat' dir='ltr'><strong>quietern</strong></span> <span class='ocrx_word' id='word_1_76' title='bbox 680 1451 736 1508; x_wconf 91' lang='lat' dir='ltr'><strong>sibi</strong></span> <span class='ocrx_word' id='word_1_77' title='bbox 756 1449 920 1508; x_wconf 72' lang='lat' dir='ltr'><strong>adstantem</strong></span> <span class='ocrx_word' id='word_1_78' title='bbox 938 1447 1042 1506; x_wconf 85' lang='lat' dir='ltr'><strong>videre</strong></span> <span class='ocrx_word' id='word_1_79' title='bbox 1062 1467 1137 1504; x_wconf 80' lang='lat' dir='ltr'><strong>rixor</strong></span> <span class='ocrx_word' id='word_1_80' title='bbox 1157 1445 1233 1502; x_wconf 79' lang='lat' dir='ltr'><strong>hre-</strong></span> 
     </span>
     <span class='ocr_line' id='line_1_11' title="bbox 141 1549 1232 1630; baseline -0.002 -24"><span class='ocrx_word' id='word_1_81' title='bbox 141 1551 278 1628; x_wconf 85' lang='lat' dir='ltr'><strong>opngitne</strong></span> <span class='ocrx_word' id='word_1_82' title='bbox 298 1551 451 1628; x_wconf 84' lang='lat' dir='ltr'><strong>cujusdam</strong></span> <span class='ocrx_word' id='word_1_83' title='bbox 470 1556 535 1612; x_wconf 87' lang='lat' dir='ltr'><strong>-visa</strong></span> <span class='ocrx_word' id='word_1_84' title='bbox 548 1564 609 1628; x_wconf 88' lang='lat' dir='ltr'><strong>est,</strong></span> <span class='ocrx_word' id='word_1_85' title='bbox 631 1554 791 1626; x_wconf 84' lang='lat' dir='ltr'><strong>dicentem,</strong></span> <span class='ocrx_word' id='word_1_86' title='bbox 811 1573 826 1610; x_wconf 87' lang='lat' dir='ltr'><strong>a</strong></span> <span class='ocrx_word' id='word_1_87' title='bbox 848 1551 1017 1630; x_wconf 83' lang='lat' dir='ltr'><strong>pestilentis</strong></span> <span class='ocrx_word' id='word_1_88' title='bbox 1038 1549 1232 1609; x_wconf 79' lang='lat' dir='ltr'><strong>Athenienses</strong></span> 
     </span>
     <span class='ocr_line' id='line_1_12' title="bbox 144 1649 1233 1734; baseline -0.003 -23"><span class='ocrx_word' id='word_1_89' title='bbox 144 1654 284 1711; x_wconf 81' lang='lat' dir='ltr'><strong>liberatos</strong></span> <span class='ocrx_word' id='word_1_90' title='bbox 311 1654 369 1728; x_wconf 86' lang='lat' dir='ltr'><strong>iri,</strong></span> <span class='ocrx_word' id='word_1_91' title='bbox 401 1656 424 1711; x_wconf 87' lang='lat' dir='ltr'><strong>si</strong></span> <span class='ocrx_word' id='word_1_92' title='bbox 453 1657 535 1715; x_wconf 82' lang='lat' dir='ltr'><strong>vicos</strong></span> <span class='ocrx_word' id='word_1_93' title='bbox 558 1657 639 1715; x_wconf 90' lang='lat' dir='ltr'><strong>urhis</strong></span> <span class='ocrx_word' id='word_1_94' title='bbox 663 1657 759 1714; x_wconf 86' lang='lat' dir='ltr'><strong>multo</strong></span> <span class='ocrx_word' id='word_1_95' title='bbox 781 1659 855 1715; x_wconf 83' lang='lat' dir='ltr'><strong>vino</strong></span> <span class='ocrx_word' id='word_1_96' title='bbox 876 1655 1123 1734; x_wconf 81' lang='lat' dir='ltr'><strong>conspersisseut3</strong></span> <span class='ocrx_word' id='word_1_97' title='bbox 1151 1649 1233 1730; x_wconf 87' lang='lat' dir='ltr'><strong>quod</strong></span> 
     </span>
    </p>
   </div>
   <div class='ocr_carea' id='block_1_3' title="bbox 144 1748 1236 1839">
    <p class='ocr_par' dir='ltr' id='par_1_3' title="bbox 144 1748 1236 1839">
     <span class='ocr_line' id='line_1_13' title="bbox 144 1748 1236 1839; baseline -0.006 -21"><span class='ocrx_word' id='word_1_98' title='bbox 144 1779 240 1837; x_wconf 82' lang='lat' dir='ltr'><strong>quoru</strong></span> <span class='ocrx_word' id='word_1_99' title='bbox 269 1759 426 1834; x_wconf 79' lang='lat' dir='ltr'><strong>fecissent,</strong></span> <span class='ocrx_word' id='word_1_100' title='bbox 462 1761 610 1839; x_wconf 82' lang='lat' dir='ltr'><strong>pestisque</strong></span> <span class='ocrx_word' id='word_1_101' title='bbox 640 1748 790 1835; x_wconf 86' lang='lat' dir='ltr'><strong>desiisset,</strong></span> <span class='ocrx_word' id='word_1_102' title='bbox 826 1771 970 1837; x_wconf 78' lang='lat' dir='ltr'><strong>tanquam</strong></span> <span class='ocrx_word' id='word_1_103' title='bbox 1000 1759 1089 1816; x_wconf 90' lang='lat' dir='ltr'><strong>heros</strong></span> <span class='ocrx_word' id='word_1_104' title='bbox 1107 1755 1236 1814; x_wconf 85' lang='lat' dir='ltr'><strong>Toxaris</strong></span> 
     </span>
    </p>
   </div>
   <div class='ocr_carea' id='block_1_4' title="bbox 144 1861 1235 2026">
    <p class='ocr_par' dir='ltr' id='par_1_4' title="bbox 144 1861 1235 2026">
     <span class='ocr_line' id='line_1_14' title="bbox 144 1861 1235 1944; baseline -0.007 -23"><span class='ocrx_word' id='word_1_105' title='bbox 144 1864 315 1938; x_wconf 86' lang='lat' dir='ltr'><strong>colebatur,</strong></span> <span class='ocrx_word' id='word_1_106' title='bbox 346 1865 433 1942; x_wconf 92' lang='lat' dir='ltr'><strong>eique</strong></span> <span class='ocrx_word' id='word_1_107' title='bbox 461 1866 622 1943; x_wconf 77' lang='lat' dir='ltr'><strong>quotannis</strong></span> <span class='ocrx_word' id='word_1_108' title='bbox 650 1888 745 1944; x_wconf 85' lang='lat' dir='ltr'><strong>equos</strong></span> <span class='ocrx_word' id='word_1_109' title='bbox 770 1863 852 1920; x_wconf 88' lang='lat' dir='ltr'><strong>albus</strong></span> <span class='ocrx_word' id='word_1_110' title='bbox 870 1863 902 1919; x_wconf 93' lang='lat' dir='ltr'><strong>iu</strong></span> <span class='ocrx_word' id='word_1_111' title='bbox 924 1861 1019 1940; x_wconf 85' lang='lat' dir='ltr'><strong>i&#39;psins</strong></span> <span class='ocrx_word' id='word_1_112' title='bbox 1040 1867 1235 1917; x_wconf 88' lang='lat' dir='ltr'><strong>monumento</strong></span> 
     </span>
     <span class='ocr_line' id='line_1_15' title="bbox 145 1968 572 2026; baseline 0.005 -3"><span class='ocrx_word' id='word_1_113' title='bbox 145 1968 319 2026; x_wconf 87' lang='lat' dir='ltr'><strong>inunolatus</strong></span> <span class='ocrx_word' id='word_1_114' title='bbox 339 1968 572 2026; x_wconf 77' lang='lat' dir='ltr'><strong>sacrificabatur.</strong></span> 
     </span>
    </p>
   </div>
   <div class='ocr_carea' id='block_1_5' title="bbox 652 2178 738 2253">
    <p class='ocr_par' dir='ltr' id='par_1_5' title="bbox 652 2178 738 2253">
     <span class='ocr_line' id='line_1_16' title="bbox 652 2178 738 2253; baseline -0.035 -17"><span class='ocrx_word' id='word_1_115' title='bbox 652 2178 738 2253; x_wconf 72' lang='lat' dir='ltr'><strong>sia.</strong></span> 
     </span>
    </p>
   </div>
   <div class='ocr_carea' id='block_1_6' title="bbox 145 2377 1240 2978">
    <p class='ocr_par' dir='ltr' id='par_1_6' title="bbox 145 2377 1240 2978">
     <span class='ocr_line' id='line_1_17' title="bbox 190 2377 1239 2463; baseline -0.009 -20"><span class='ocrx_word' id='word_1_116' title='bbox 190 2384 297 2443; x_wconf 87' lang='lat' dir='ltr'><strong>Diviui</strong></span> <span class='ocrx_word' id='word_1_117' title='bbox 308 2385 433 2444; x_wconf 81' lang='lat' dir='ltr'><strong>honores</strong></span> <span class='ocrx_word' id='word_1_118' title='bbox 442 2378 1117 2463; x_wconf 66' lang='lat' dir='ltr'><strong>etiaurCeutmuorumjustissinrolcillchironi</strong></span> <span class='ocrx_word' id='word_1_119' title='bbox 1127 2377 1239 2436; x_wconf 85' lang='lat' dir='ltr'><strong>tribue-</strong></span> 
     </span>
     <span class='ocr_line' id='line_1_18' title="bbox 147 2482 1236 2565; baseline -0.008 -18"><span class='ocrx_word' id='word_1_120' title='bbox 147 2492 272 2547; x_wconf 89' lang='lat' dir='ltr'><strong>bantur:</strong></span> <span class='ocrx_word' id='word_1_121' title='bbox 302 2490 353 2550; x_wconf 89' lang='lat' dir='ltr'><strong>hio</strong></span> <span class='ocrx_word' id='word_1_122' title='bbox 381 2511 454 2549; x_wconf 90' lang='lat' dir='ltr'><strong>vero</strong></span> <span class='ocrx_word' id='word_1_123' title='bbox 474 2491 609 2550; x_wconf 88' lang='lat' dir='ltr'><strong>omnium</strong></span> <span class='ocrx_word' id='word_1_124' title='bbox 636 2508 817 2549; x_wconf 87' lang='lat' dir='ltr'><strong>cousensua</strong></span> <span class='ocrx_word' id='word_1_125' title='bbox 849 2487 915 2546; x_wconf 89' lang='lat' dir='ltr'><strong>Diis</strong></span> <span class='ocrx_word' id='word_1_126' title='bbox 939 2485 1087 2565; x_wconf 80' lang='lat' dir='ltr'><strong>originem</strong></span> <span class='ocrx_word' id='word_1_127' title='bbox 1116 2482 1236 2541; x_wconf 84' lang='lat' dir='ltr'><strong>drrxisse</strong></span> 
     </span>
     <span class='ocr_line' id='line_1_19' title="bbox 145 2584 1239 2671; baseline -0.008 -21"><span class='ocrx_word' id='word_1_128' title='bbox 145 2594 317 2668; x_wconf 70' lang='lat' dir='ltr'><strong>dicebatur,</strong></span> <span class='ocrx_word' id='word_1_129' title='bbox 331 2607 397 2665; x_wconf 79' lang='lat' dir='ltr'><strong>erat</strong></span> <span class='ocrx_word' id='word_1_130' title='bbox 419 2598 499 2653; x_wconf 81' lang='lat' dir='ltr'><strong>eriim</strong></span> <span class='ocrx_word' id='word_1_131' title='bbox 521 2597 601 2654; x_wconf 89' lang='lat' dir='ltr'><strong>lilios</strong></span> <span class='ocrx_word' id='word_1_132' title='bbox 610 2594 732 2655; x_wconf 78' lang='lat' dir='ltr'><strong>Saturni</strong></span> <span class='ocrx_word' id='word_1_133' title='bbox 743 2606 773 2651; x_wconf 90' lang='lat' dir='ltr'><strong>et</strong></span> <span class='ocrx_word' id='word_1_134' title='bbox 792 2593 936 2671; x_wconf 85' lang='lat' dir='ltr'><strong>Philyrae</strong></span> <span class='ocrx_word' id='word_1_135' title='bbox 949 2590 1027 2650; x_wconf 87' lang='lat' dir='ltr'><strong>liliae</strong></span> <span class='ocrx_word' id='word_1_136' title='bbox 1037 2588 1148 2648; x_wconf 87' lang='lat' dir='ltr'><strong>Oceani</strong></span> <span class='ocrx_word' id='word_1_137' title='bbox 1160 2584 1239 2666; x_wconf 80' lang='lat'><strong>(58).</strong></span> 
     </span>
     <span class='ocr_line' id='line_1_20' title="bbox 150 2691 1240 2777; baseline -0.009 -22"><span class='ocrx_word' id='word_1_138' title='bbox 150 2695 405 2772; x_wconf 75' lang='lat' dir='ltr'><strong>Quemadmodum</strong></span> <span class='ocrx_word' id='word_1_139' title='bbox 435 2698 544 2755; x_wconf 89' lang='lat' dir='ltr'><strong>caeteri</strong></span> <span class='ocrx_word' id='word_1_140' title='bbox 564 2699 715 2769; x_wconf 83' lang='lat' dir='ltr'><strong>Centauri,</strong></span> <span class='ocrx_word' id='word_1_141' title='bbox 739 2695 924 2772; x_wconf 81' lang='lat' dir='ltr'><strong>semieqrrina</strong></span> <span class='ocrx_word' id='word_1_142' title='bbox 945 2695 1040 2751; x_wconf 86' lang='lat' dir='ltr'><strong>forma</strong></span> <span class='ocrx_word' id='word_1_143' title='bbox 1056 2691 1240 2777; x_wconf 62' lang='lat' dir='ltr'><strong>depingitur,</strong></span> 
     </span>
     <span class='ocr_line' id='line_1_21' title="bbox 148 2794 1240 2877; baseline -0.007 -20"><span class='ocrx_word' id='word_1_144' title='bbox 148 2799 262 2858; x_wconf 87' lang='lat' dir='ltr'><strong>scilicet</strong></span> <span class='ocrx_word' id='word_1_145' title='bbox 280 2808 313 2855; x_wconf 91' lang='lat' dir='ltr'><strong>nt</strong></span> <span class='ocrx_word' id='word_1_146' title='bbox 336 2799 469 2855; x_wconf 84' lang='lat' dir='ltr'><strong>anterior</strong></span> <span class='ocrx_word' id='word_1_147' title='bbox 490 2821 559 2875; x_wconf 86' lang='lat' dir='ltr'><strong>pars</strong></span> <span class='ocrx_word' id='word_1_148' title='bbox 577 2801 709 2877; x_wconf 86' lang='lat' dir='ltr'><strong>corporis</strong></span> <span class='ocrx_word' id='word_1_149' title='bbox 731 2799 912 2868; x_wconf 80' lang='lat' dir='ltr'><strong>humanans,</strong></span> <span class='ocrx_word' id='word_1_150' title='bbox 937 2796 1081 2873; x_wconf 78' lang='lat' dir='ltr'><strong>posterior</strong></span> <span class='ocrx_word' id='word_1_151' title='bbox 1096 2794 1240 2870; x_wconf 85' lang='lat' dir='ltr'><strong>equinam</strong></span> 
     </span>
     <span class='ocr_line' id='line_1_22' title="bbox 151 2890 1240 2978; baseline -0.006 -20"><span class='ocrx_word' id='word_1_152' title='bbox 151 2905 277 2958; x_wconf 85' lang='lat' dir='ltr'><strong>l&#39;ormarn</strong></span> <span class='ocrx_word' id='word_1_153' title='bbox 310 2900 435 2958; x_wconf 78' lang='lat' dir='ltr'><strong>referret</strong></span> <span class='ocrx_word' id='word_1_154' title='bbox 455 2900 533 2978; x_wconf 78' lang='lat'><strong>(59).</strong></span> <span class='ocrx_word' id='word_1_155' title='bbox 553 2900 698 2959; x_wconf 85' lang='lat' dir='ltr'><strong>Homerus</strong></span> <span class='ocrx_word' id='word_1_156' title='bbox 730 2902 767 2958; x_wconf 91' lang='lat' dir='ltr'><strong>de</strong></span> <span class='ocrx_word' id='word_1_157' title='bbox 790 2902 847 2960; x_wconf 82' lang='lat' dir='ltr'><strong>hac</strong></span> <span class='ocrx_word' id='word_1_158' title='bbox 873 2901 967 2957; x_wconf 80' lang='lat' dir='ltr'><strong>forma</strong></span> <span class='ocrx_word' id='word_1_159' title='bbox 991 2890 1177 2976; x_wconf 81' lang='lat' dir='ltr'><strong>senriequina</strong></span> <span class='ocrx_word' id='word_1_160' title='bbox 1195 2906 1240 2952; x_wconf 87' lang='lat' dir='ltr'><strong>ta-</strong></span> 
     </span>
    </p>
   </div>
   <div class='ocr_carea' id='block_1_7' title="bbox 150 3130 1290 4094">
    <p class='ocr_par' dir='ltr' id='par_1_7' title="bbox 182 3130 514 3196">
     <span class='ocr_line' id='line_1_23' title="bbox 182 3130 514 3196; baseline 0.006 -16"><span class='ocrx_word' id='word_1_161' title='bbox 182 3138 230 3196; x_wconf 80' lang='lat'><strong>(55)</strong></span> <span class='ocrx_word' id='word_1_162' title='bbox 247 3141 315 3182; x_wconf 74' lang='lat' dir='ltr'><strong>Paua.</strong></span> <span class='ocrx_word' id='word_1_163' title='bbox 332 3139 383 3181; x_wconf 89' lang='lat' dir='ltr'><strong>Lib.</strong></span> <span class='ocrx_word' id='word_1_164' title='bbox 402 3140 422 3183; x_wconf 89' lang='lat'><strong>1.</strong></span> <span class='ocrx_word' id='word_1_165' title='bbox 439 3155 459 3182; x_wconf 87' lang='lat' dir='ltr'><strong>c.</strong></span> <span class='ocrx_word' id='word_1_166' title='bbox 477 3130 514 3182; x_wconf 81' lang='lat'><strong>4&#39;4.</strong></span> 
     </span>
    </p>

    <p class='ocr_par' dir='ltr' id='par_1_8' title="bbox 181 3212 955 3278">
     <span class='ocr_line' id='line_1_24' title="bbox 181 3212 955 3278; baseline -0.004 -14"><span class='ocrx_word' id='word_1_167' title='bbox 181 3222 229 3276; x_wconf 80' lang='lat'>(56)</span> <span class='ocrx_word' id='word_1_168' title='bbox 247 3212 342 3266; x_wconf 73' lang='lat' dir='ltr'><strong>Lucius.</strong></span> <span class='ocrx_word' id='word_1_169' title='bbox 358 3222 442 3278; x_wconf 78' lang='lat' dir='ltr'><strong>Scytha</strong></span> <span class='ocrx_word' id='word_1_170' title='bbox 458 3220 534 3271; x_wconf 80' lang='lat' dir='ltr'><strong>l&#39;l&#39;oru.</strong></span> <span class='ocrx_word' id='word_1_171' title='bbox 552 3223 571 3265; x_wconf 84' lang='lat'><strong>1.</strong></span> <span class='ocrx_word' id='word_1_172' title='bbox 588 3236 611 3276; x_wconf 89' lang='lat' dir='ltr'><strong>p.</strong></span> <span class='ocrx_word' id='word_1_173' title='bbox 627 3219 680 3266; x_wconf 80' lang='lat'><strong>859.</strong></span> <span class='ocrx_word' id='word_1_174' title='bbox 698 3235 732 3276; x_wconf 86' lang='lat' dir='ltr'><strong>sq.</strong></span> <span class='ocrx_word' id='word_1_175' title='bbox 750 3223 784 3265; x_wconf 83' lang='lat' dir='ltr'><strong>ed.</strong></span> <span class='ocrx_word' id='word_1_176' title='bbox 802 3222 955 3273; x_wconf 63' lang='lat' dir='ltr'><strong>nauseans..)</strong></span> 
     </span>
    </p>

    <p class='ocr_par' dir='ltr' id='par_1_9' title="bbox 154 3275 1290 3603">
     <span class='ocr_line' id='line_1_25' title="bbox 179 3275 1235 3359; baseline -0.012 -13"><span class='ocrx_word' id='word_1_177' title='bbox 179 3304 227 3358; x_wconf 82' lang='lat'>(57)</span> <span class='ocrx_word' id='word_1_178' title='bbox 244 3305 270 3348; x_wconf 90' lang='lat' dir='ltr'><strong>ll.</strong></span> <span class='ocrx_word' id='word_1_179' title='bbox 287 3290 322 3339; x_wconf 84' lang='lat' dir='ltr'><strong>A·</strong></span> <span class='ocrx_word' id='word_1_180' title='bbox 335 3319 369 3347; x_wconf 79' lang='lat' dir='ltr'><strong>vs.</strong></span> <span class='ocrx_word' id='word_1_181' title='bbox 383 3304 435 3348; x_wconf 81' lang='lat'>831.</span> <span class='ocrx_word' id='word_1_182' title='bbox 451 3306 526 3346; x_wconf 66' lang='lat' dir='ltr'><strong>Ossa.</strong></span> <span class='ocrx_word' id='word_1_183' title='bbox 543 3305 669 3359; x_wconf 75' lang='lat' dir='ltr'><strong>argonaut.</strong></span> <span class='ocrx_word' id='word_1_184' title='bbox 684 3318 718 3346; x_wconf 76' lang='lat' dir='ltr'><strong>vs.</strong></span> <span class='ocrx_word' id='word_1_185' title='bbox 733 3304 786 3347; x_wconf 81' lang='lat'>379.</span> <span class='ocrx_word' id='word_1_186' title='bbox 801 3285 1012 3345; x_wconf 71' lang='lat' dir='ltr'><strong>ltdruoloruroc</strong></span> <span class='ocrx_word' id='word_1_187' title='bbox 1031 3275 1235 3354; x_wconf 76' lang='grc' dir='ltr'><strong>Κεντάυρων.”</strong></span> 
     </span>
     <span class='ocr_line' id='line_1_26' title="bbox 157 3363 1239 3442; baseline -0.013 -14"><span class='ocrx_word' id='word_1_188' title='bbox 157 3388 197 3429; x_wconf 65' lang='lat' dir='ltr'><strong>tls.</strong></span> <span class='ocrx_word' id='word_1_189' title='bbox 220 3389 350 3430; x_wconf 64' lang='lat' dir='ltr'><strong>Eutresia.</strong></span> <span class='ocrx_word' id='word_1_190' title='bbox 380 3388 466 3428; x_wconf 69' lang='lat' dir='ltr'><strong>estest.</strong></span> <span class='ocrx_word' id='word_1_191' title='bbox 493 3399 542 3440; x_wconf 81' lang='lat' dir='ltr'><strong>cap.</strong></span> <span class='ocrx_word' id='word_1_192' title='bbox 563 3386 600 3427; x_wconf 76' lang='lat'><strong>40.</strong></span> <span class='ocrx_word' id='word_1_193' title='bbox 629 3368 828 3442; x_wconf 65' lang='grc' dir='ltr'><strong>»δικαιοσύνῃ</strong></span> <span class='ocrx_word' id='word_1_194' title='bbox 858 3364 889 3423; x_wconf 79' lang='grc' dir='ltr'><strong>δὲ</strong></span> <span class='ocrx_word' id='word_1_195' title='bbox 919 3363 1104 3438; x_wconf 70' lang='grc' dir='ltr'><strong><em>ὑπερενέγκας</em></strong></span> <span class='ocrx_word' id='word_1_196' title='bbox 1130 3363 1239 3422; x_wconf 73' lang='grc' dir='ltr'><em>πάντας</em></span> 
     </span>
     <span class='ocr_line' id='line_1_27' title="bbox 154 3436 1290 3523; baseline -0.001 -21"><span class='ocrx_word' id='word_1_197' title='bbox 154 3449 331 3523; x_wconf 66' lang='lat' dir='ltr'><strong>siadpoinovs</strong></span> <span class='ocrx_word' id='word_1_198' title='bbox 347 3447 366 3471; x_wconf 64' lang='lat'><strong>’⁹</strong></span> <span class='ocrx_word' id='word_1_199' title='bbox 411 3467 547 3510; x_wconf 81' lang='lat' dir='ltr'><strong>Scholiastes</strong></span> <span class='ocrx_word' id='word_1_200' title='bbox 563 3465 647 3516; x_wconf 78' lang='lat' dir='ltr'><strong>(Schol.</strong></span> <span class='ocrx_word' id='word_1_201' title='bbox 662 3468 798 3510; x_wconf 78' lang='lat' dir='ltr'><strong>Vruuorsorr.</strong></span> <span class='ocrx_word' id='word_1_202' title='bbox 813 3466 840 3508; x_wconf 82' lang='lat' dir='ltr'><strong>ad</strong></span> <span class='ocrx_word' id='word_1_203' title='bbox 858 3466 887 3508; x_wconf 90' lang='grc' dir='ltr'><strong>ΙΙ.</strong></span> <span class='ocrx_word' id='word_1_204' title='bbox 902 3451 937 3502; x_wconf 76' lang='lat' dir='ltr'><strong>A·</strong></span> <span class='ocrx_word' id='word_1_205' title='bbox 953 3480 987 3508; x_wconf 85' lang='lat' dir='ltr'><strong>vs.</strong></span> <span class='ocrx_word' id='word_1_206' title='bbox 1003 3462 1054 3505; x_wconf 75' lang='lat'>831.</span> <span class='ocrx_word' id='word_1_207' title='bbox 1068 3478 1091 3518; x_wconf 87' lang='lat' dir='ltr'><strong>p.</strong></span> <span class='ocrx_word' id='word_1_208' title='bbox 1107 3462 1169 3514; x_wconf 83' lang='lat'>290.)</span> <span class='ocrx_word' id='word_1_209' title='bbox 1184 3461 1240 3501; x_wconf 87' lang='lat' dir='ltr'><strong>hauc</strong></span> <span class='ocrx_word' id='word_1_210' title='bbox 1285 3436 1290 3457; x_wconf 51' lang='grc' dir='ltr'><strong><em>Ι</em></strong></span> 
     </span>
     <span class='ocr_line' id='line_1_28' title="bbox 157 3548 931 3603; baseline 0.001 -15"><span class='ocrx_word' id='word_1_211' title='bbox 157 3549 244 3590; x_wconf 75' lang='lat' dir='ltr'><strong>laudem</strong></span> <span class='ocrx_word' id='word_1_212' title='bbox 259 3549 353 3590; x_wconf 76' lang='lat' dir='ltr'><strong>(¹hironi</strong></span> <span class='ocrx_word' id='word_1_213' title='bbox 367 3550 394 3589; x_wconf 94' lang='lat' dir='ltr'><strong>ob</strong></span> <span class='ocrx_word' id='word_1_214' title='bbox 410 3549 588 3603; x_wconf 87' lang='lat' dir='ltr'><strong>hospitalitatem</strong></span> <span class='ocrx_word' id='word_1_215' title='bbox 601 3564 647 3590; x_wconf 84' lang='lat' dir='ltr'><strong>esse</strong></span> <span class='ocrx_word' id='word_1_216' title='bbox 662 3548 772 3588; x_wconf 85' lang='lat' dir='ltr'><strong>tributam</strong></span> <span class='ocrx_word' id='word_1_217' title='bbox 786 3553 931 3589; x_wconf 82' lang='lat' dir='ltr'><strong>censuerunt.</strong></span> 
     </span>
    </p>

    <p class='ocr_par' dir='ltr' id='par_1_10' title="bbox 153 3624 1244 3852">
     <span class='ocr_line' id='line_1_29' title="bbox 184 3624 1238 3684; baseline 0.001 -14"><span class='ocrx_word' id='word_1_218' title='bbox 184 3629 232 3684; x_wconf 82' lang='lat'><strong>(58)</strong></span> <span class='ocrx_word' id='word_1_219' title='bbox 256 3631 375 3672; x_wconf 73' lang='lat' dir='ltr'><strong>Arcanos.</strong></span> <span class='ocrx_word' id='word_1_220' title='bbox 397 3631 448 3673; x_wconf 85' lang='lat' dir='ltr'><strong>Lib.</strong></span> <span class='ocrx_word' id='word_1_221' title='bbox 472 3632 491 3675; x_wconf 89' lang='lat'><strong>1.</strong></span> <span class='ocrx_word' id='word_1_222' title='bbox 513 3645 533 3676; x_wconf 86' lang='lat' dir='ltr'><strong>c.</strong></span> <span class='ocrx_word' id='word_1_223' title='bbox 556 3629 578 3673; x_wconf 93' lang='grc'><strong>2.</strong></span> <span class='ocrx_word' id='word_1_224' title='bbox 607 3630 641 3672; x_wconf 93' lang='lat' dir='ltr'><strong>ll.</strong></span> <span class='ocrx_word' id='word_1_225' title='bbox 659 3631 703 3683; x_wconf 84' lang='lat' dir='ltr'><strong>(ed.</strong></span> <span class='ocrx_word' id='word_1_226' title='bbox 724 3631 830 3684; x_wconf 73' lang='lat' dir='ltr'><strong>Herus).</strong></span> <span class='ocrx_word' id='word_1_227' title='bbox 851 3628 1005 3684; x_wconf 81' lang='lat' dir='ltr'><strong>Prnu.Pytlr.</strong></span> <span class='ocrx_word' id='word_1_228' title='bbox 1020 3628 1067 3670; x_wconf 90' lang='lat'><em>111.</em></span> <span class='ocrx_word' id='word_1_229' title='bbox 1085 3624 1104 3671; x_wconf 89' lang='lat' dir='ltr'><strong>l.</strong></span> <span class='ocrx_word' id='word_1_230' title='bbox 1120 3628 1238 3671; x_wconf 67' lang='lat' dir='ltr'><strong>amusos.</strong></span> 
     </span>
     <span class='ocr_line' id='line_1_30' title="bbox 161 3708 1244 3769; baseline -0.001 -16"><span class='ocrx_word' id='word_1_231' title='bbox 161 3714 239 3754; x_wconf 75' lang='lat' dir='ltr'><strong>unos.</strong></span> <span class='ocrx_word' id='word_1_232' title='bbox 263 3713 296 3754; x_wconf 91' lang='lat'><strong>11.</strong></span> <span class='ocrx_word' id='word_1_233' title='bbox 315 3709 379 3756; x_wconf 80' lang='lat'><strong>1235.</strong></span> <span class='ocrx_word' id='word_1_234' title='bbox 394 3712 464 3752; x_wconf 83' lang='lat' dir='ltr'><strong>Juxta</strong></span> <span class='ocrx_word' id='word_1_235' title='bbox 479 3713 650 3769; x_wconf 82' lang='lat' dir='ltr'><strong>Xenophontem</strong></span> <span class='ocrx_word' id='word_1_236' title='bbox 663 3720 713 3754; x_wconf 82' lang='lat' dir='ltr'><strong>erat</strong></span> <span class='ocrx_word' id='word_1_237' title='bbox 726 3713 788 3756; x_wconf 86' lang='lat' dir='ltr'><strong>lilius</strong></span> <span class='ocrx_word' id='word_1_238' title='bbox 801 3713 895 3755; x_wconf 82' lang='lat' dir='ltr'><strong>Saturni</strong></span> <span class='ocrx_word' id='word_1_239' title='bbox 915 3719 938 3754; x_wconf 85' lang='lat' dir='ltr'><strong>et</strong></span> <span class='ocrx_word' id='word_1_240' title='bbox 951 3710 1069 3767; x_wconf 79' lang='lat' dir='ltr'><strong>Nymphae</strong></span> <span class='ocrx_word' id='word_1_241' title='bbox 1089 3708 1169 3752; x_wconf 73' lang='lat' dir='ltr'><strong>Naidis</strong></span> <span class='ocrx_word' id='word_1_242' title='bbox 1184 3711 1244 3760; x_wconf 72' lang='lat' dir='ltr'><strong>(xa-</strong></span> 
     </span>
     <span class='ocr_line' id='line_1_31' title="bbox 153 3794 734 3852; baseline -0.003 -17"><span class='ocrx_word' id='word_1_243' title='bbox 153 3808 220 3835; x_wconf 79' lang='lat' dir='ltr'><strong>uorn.</strong></span> <span class='ocrx_word' id='word_1_244' title='bbox 236 3794 320 3848; x_wconf 76' lang='lat' dir='ltr'><strong>Cyneg.</strong></span> <span class='ocrx_word' id='word_1_245' title='bbox 337 3795 357 3836; x_wconf 90' lang='grc' dir='ltr'><strong>Ι.</strong></span> <span class='ocrx_word' id='word_1_246' title='bbox 371 3796 393 3838; x_wconf 77' lang='grc'><strong>4.</strong></span> <span class='ocrx_word' id='word_1_247' title='bbox 410 3804 433 3844; x_wconf 75' lang='lat' dir='ltr'><strong>P.</strong></span> <span class='ocrx_word' id='word_1_248' title='bbox 449 3795 522 3852; x_wconf 80' lang='lat'>973.).</span> <span class='ocrx_word' id='word_1_249' title='bbox 730 3842 734 3850; x_wconf 42' lang='grc' dir='ltr'>Ι</span> 
     </span>
    </p>

    <p class='ocr_par' dir='ltr' id='par_1_11' title="bbox 150 3852 1243 4094">
     <span class='ocr_line' id='line_1_32' title="bbox 183 3852 1243 3933; baseline 0 -18"><span class='ocrx_word' id='word_1_250' title='bbox 183 3873 231 3931; x_wconf 83' lang='grc'>(59)</span> <span class='ocrx_word' id='word_1_251' title='bbox 248 3877 316 3916; x_wconf 74' lang='lat' dir='ltr'><strong>Paus.</strong></span> <span class='ocrx_word' id='word_1_252' title='bbox 334 3875 385 3918; x_wconf 87' lang='lat' dir='ltr'><strong>Lib.</strong></span> <span class='ocrx_word' id='word_1_253' title='bbox 400 3881 432 3923; x_wconf 78' lang='lat' dir='ltr'><strong>V,</strong></span> <span class='ocrx_word' id='word_1_254' title='bbox 448 3892 469 3921; x_wconf 90' lang='lat' dir='ltr'><strong>c.</strong></span> <span class='ocrx_word' id='word_1_255' title='bbox 487 3877 521 3920; x_wconf 84' lang='lat'><strong>19.</strong></span> <span class='ocrx_word' id='word_1_256' title='bbox 554 3878 614 3919; x_wconf 87' lang='lat' dir='ltr'><strong>lliuc</strong></span> <span class='ocrx_word' id='word_1_257' title='bbox 629 3891 679 3919; x_wconf 76' lang='lat' dir='ltr'><strong>rum</strong></span> <span class='ocrx_word' id='word_1_258' title='bbox 695 3878 793 3933; x_wconf 86' lang='lat' dir='ltr'><strong>duplicis</strong></span> <span class='ocrx_word' id='word_1_259' title='bbox 815 3885 909 3920; x_wconf 84' lang='lat' dir='ltr'><strong>naturas</strong></span> <span class='ocrx_word' id='word_1_260' title='bbox 933 3852 1069 3926; x_wconf 62' lang='lat' dir='ltr'><strong>(dtqtthgl</strong></span> <span class='ocrx_word' id='word_1_261' title='bbox 1090 3885 1156 3920; x_wconf 84' lang='lat' dir='ltr'><strong>vocat</strong></span> <span class='ocrx_word' id='word_1_262' title='bbox 1176 3877 1243 3918; x_wconf 84' lang='lat' dir='ltr'><strong>Scho·</strong></span> 
     </span>
     <span class='ocr_line' id='line_1_33' title="bbox 150 3957 1242 4017; baseline 0.005 -20"><span class='ocrx_word' id='word_1_263' title='bbox 150 3958 245 4005; x_wconf 85' lang='lat' dir='ltr'><strong>lisstes,</strong></span> <span class='ocrx_word' id='word_1_264' title='bbox 268 3957 321 4009; x_wconf 84' lang='lat' dir='ltr'><strong>quin</strong></span> <span class='ocrx_word' id='word_1_265' title='bbox 334 3957 408 4000; x_wconf 81' lang='lat' dir='ltr'><strong>forma</strong></span> <span class='ocrx_word' id='word_1_266' title='bbox 423 3958 505 4013; x_wconf 71' lang='lat' dir='ltr'><strong>equina</strong></span> <span class='ocrx_word' id='word_1_267' title='bbox 519 3959 597 4002; x_wconf 79' lang='lat' dir='ltr'><strong>induta</strong></span> <span class='ocrx_word' id='word_1_268' title='bbox 612 3969 776 4017; x_wconf 78' lang='lat' dir='ltr'><strong>compresserat</strong></span> <span class='ocrx_word' id='word_1_269' title='bbox 789 3960 901 4016; x_wconf 84' lang='lat' dir='ltr'><strong>Philyrau</strong></span> <span class='ocrx_word' id='word_1_270' title='bbox 922 3960 1033 4002; x_wconf 74' lang='lat' dir='ltr'><strong>Saturnus</strong></span> <span class='ocrx_word' id='word_1_271' title='bbox 1054 3958 1138 4008; x_wconf 75' lang='lat' dir='ltr'><strong>(Schol.</strong></span> <span class='ocrx_word' id='word_1_272' title='bbox 1153 3959 1242 4002; x_wconf 68' lang='lat' dir='ltr'><strong>asota.</strong></span> 
     </span>
     <span class='ocr_line' id='line_1_34' title="bbox 153 4038 376 4094; baseline 0.013 -15"><span class='ocrx_word' id='word_1_273' title='bbox 153 4040 232 4082; x_wconf 70' lang='lat' dir='ltr'><strong>ltus».</strong></span> <span class='ocrx_word' id='word_1_274' title='bbox 250 4041 283 4082; x_wconf 88' lang='grc' dir='ltr'><strong>ΙΙ.</strong></span> <span class='ocrx_word' id='word_1_275' title='bbox 301 4038 376 4094; x_wconf 80' lang='lat'>1235.)</span> 
     </span>
    </p>
   </div>
   <div class='ocr_carea' id='block_1_8' title="bbox 0 0 1383 4710">
    <p class='ocr_par' dir='ltr' id='par_1_12' title="bbox 0 0 1383 4710">
     <span class='ocr_line' id='line_1_35' title="bbox 0 0 1383 4710; baseline 0 0"><span class='ocrx_word' id='word_1_276' title='bbox 0 0 1383 4710; x_wconf 95' lang='lat' dir='ltr'><strong> </strong></span> 
     </span>
    </p>
   </div>
  </div>
 </body>
</html>
