2754 4710
592 484 630 495 ¹——
673 454 691 510 ϋ
746 484 769 494 ἣν

148 608 207 666 ciet
226 631 277 668 vos
300 611 446 670 ulceribus
466 612 630 690 Aegyptiis,
652 613 724 683 sice,
753 614 855 687 scabie,
876 616 1029 694 prurigine
1048 618 1230 677 insanabili:

146 717 277 772 arneutia
288 763 295 790 ,
319 718 478 788 coecitate,
501 729 621 796 stupore
640 719 752 794 cordis,
774 720 848 778 diris
866 729 896 778 et
915 722 999 779 vobis
1017 722 1232 784 insanabilibus

147 818 297 877 ulceribus
313 819 346 878 in
368 821 507 899 genibus,
531 821 565 879 iu
587 821 684 897 tibiis,
706 844 724 879 a
744 823 846 902 planta
873 826 911 882 ad
933 825 1076 884 verticem
1101 826 1141 907 (V
1162 828 1230 888 lllos.

147 921 283 980 XXVlll.
303 927 353 985 20.
378 926 426 983 26.
449 925 537 1004 34).”
558 922 663 1003 Neque
677 925 851 986 histantum
866 931 986 1006 morbis,
1013 930 1060 988 sed
1071 933 1231 1008 generatim

146 1026 282 1085 omuibus
303 1048 371 1103 eos,
393 1028 447 1107 qui
468 1049 529 1088 uon
544 1030 817 1110 obtemperassent,
837 1036 983 1094 afficeret:
1008 1056 1021 1096 u
1029 1037 1108 1093 Tum
1125 1038 1149 1094 si
1167 1039 1233 1116 quis

146 1131 288 1207 morbus,
309 1133 334 1191 si
346 1138 429 1211 quae
441 1133 537 1190 clades
556 1135 643 1192 estin
662 1137 751 1215 hujus
777 1140 850 1219 legis
868 1142 944 1200 libro
967 1164 1026 1200 nou
1046 1143 1175 1220 scripta,
1200 1165 1232 1200 ea

145 1257 199 1295 vos
216 1237 254 1293 ad
276 1248 411 1295 vestrum
433 1258 527 1318 usque
544 1239 673 1298 exitium
690 1241 842 1303 infestabit
860 1245 947 1326 (ibid.
969 1244 1054 1324 60).”
1097 1247 1136 1306 Et
1146 1248 1170 1305 si
1181 1248 1233 1304 He-

145 1341 247 1400 braeos
263 1342 435 1403 oberrantes
450 1344 484 1402 in
501 1344 617 1403 deserto
633 1350 888 1426 contemplemur,
911 1349 1027 1428 saepius
1039 1350 1149 1407 morbis
1162 1360 1228 1406 tau-

145 1470 236 1526 quam
265 1450 421 1529 suppliciis
447 1455 547 1510 aDeo
578 1453 720 1512 immissis
739 1476 795 1532 pro
822 1434 951 1534 peccetis
970 1457 1087 1515 eosdem
1109 1456 1227 1515 allectos

145 1553 280 1631 legimus.
322 1553 424 1625 Quum
442 1555 523 1613 euim
540 1555 637 1613 omnis
659 1556 862 1616 Israelitarum
884 1560 1047 1618 multitudo
1064 1562 1097 1618 in
1118 1563 1227 1619 blesens

146 1668 175 1716 et
204 1659 375 1717 Abarouem
406 1663 606 1740 conspiraret,
641 1660 752 1719 cladem
773 1662 911 1743 (pestem)
932 1665 965 1721 iu
987 1665 1132 1743 populum
1151 1665 1232 1723 misit

144 1763 277 1831 lebova,
300 1786 359 1842 qua
386 1775 458 1823 suut
476 1765 587 1823 mortui
605 1765 830 1843 quatuordecim
848 1767 944 1824 millia
967 1769 1147 1846 septingenti
1170 1768 1229 1846 (lV.

144 1869 217 1926 Mos.
228 1869 296 1927 XVI
307 1870 365 1930 ao.
374 1869 461 1948 sqq).
483 1871 529 1928 lta
539 1871 629 1928 etiam
639 1891 722 1927 soror
742 1869 829 1927 blesis
848 1870 942 1928 Maria
955 1870 1104 1951 (blirjarn)
1117 1871 1231 1948 leprosa

144 1974 231 2031 tiebat
245 1984 276 2033 et
296 1975 362 2033 nivi
374 1974 501 2049 similis,
515 1995 607 2054 quum
622 1983 726 2032 contra
738 1972 863 2031 fratrem
876 1974 1012 2032 oblocuta
1024 1985 1100 2032 esset
1110 1985 1232 2052 propter

143 2077 264 2134 ductam
295 2078 329 2134 ab
350 2098 385 2135 eo
415 2098 538 2136 uxorem
561 2077 799 2156 Aethiopissam,
822 2079 952 2156 adeoque
971 2089 1074 2137 coutru
1097 2080 1229 2139 jehovae

143 2191 242 2239 vatem
262 2183 344 2260 loqui
367 2204 426 2242 non
445 2183 606 2241 metuisset.
630 2181 694 2262 (lt.
718 2182 788 2241 Mos.
810 2181 885 2239 Xlll.
913 2184 1000 2241 1.]0.
1023 2182 1096 2241 cte
1118 2191 1148 2239 et
1168 2183 1210 2259 8.)

664 2392 732 2468 §a

185 2600 288 2679 Neque
307 2603 477 2660 mutabatur
490 2601 561 2659 haec
580 2601 671 2675 ratio,
688 2619 748 2677 quo
764 2597 969 2675 temporejam
986 2596 1229 2656 Clrunauaenrum

144 2715 256 2760 terram
280 2713 500 2783 occupaverant
528 2704 678 2762 Israelitae
698 2712 728 2760 et
744 2701 796 2759 sub
824 2721 925 2780 regum
958 2721 1080 2757 suorum
1101 2702 1230 2779 imperio

143 2809 306 2884 vivebant,
325 2831 393 2868 uam
422 2821 487 2869 tum
510 2809 601 2868 etiam
621 2811 701 2867 Deus
725 2806 841 2866 morbos
863 2805 978 2886 saepius
996 2807 1154 2882 mittebat,
1179 2817 1228 2879 ut,

143 2918 195 2996 qui
215 2917 251 2974 ab
280 2919 347 2996 lpso
375 2918 562 2991 defecerant,
593 2917 785 2995 punirentur.
836 2912 933 2982 Quin,
968 2932 1061 2988 quum
1094 2932 1147 2969 rex
1170 2915 1231 2969 Da-

142 3021 212 3093 vid,
247 3032 317 3079 ante
336 3042 439 3079 omues
467 3045 484 3079 a
505 3021 619 3080 lebova
646 3021 791 3089 delectus,
812 3015 949 3094 superbia
965 3015 1070 3074 (luctus
1088 3017 1230 3095 populum

143 3126 298 3184 numerari
323 3126 477 3202 jussisset,
512 3146 565 3205 per
595 3126 771 3205 prophetam
793 3123 904 3181 Gadem
922 3122 950 3180 ei
970 3123 1019 3181 vel
1042 3123 1150 3195 sames,
1175 3124 1224 3182 vel

141 3230 273 3304 bellum,
298 3231 346 3288 vel
365 3231 455 3308 pestis
473 3232 724 3290 annuntiabatur:
744 3229 803 3296 sed,
816 3249 912 3307 quum
931 3227 1033 3285 David
1052 3228 1183 3301 dixisset,
1201 3250 1229 3286 se

142 3334 174 3390 in
193 3354 299 3391 manus
319 3334 371 3391 llei
391 3335 495 3392 cadere
506 3379 515 3410 ,
539 3355 629 3412 quam
649 3335 682 3392 in
702 3332 858 3391 bominum
877 3331 983 3402 malle,
1018 3333 1107 3410 pestis
1127 3333 1230 3392 mitte-

143 3439 232 3496 batur
249 3439 283 3495 in
302 3439 451 3510 lsraelem,
473 3459 531 3517 qua
551 3438 736 3518 septuaginta
757 3435 853 3494 millia
871 3434 1011 3494 virorum
1021 3436 1228 3496 moriebantur

143 3542 185 3620 (ΙΙ
203 3543 282 3600 Sam.
295 3543 405 3604 XXIV.
432 3545 560 3603 12-16.
584 3543 626 3603 Cf.
655 3546 679 3601 l.
701 3543 812 3602 Chrou.
842 3539 921 3600 XXI.
945 3541 1089 3621 10-15).
1133 3543 1226 3601 Totus

140 3647 243 3726 itaque
260 3648 389 3728 populus
407 3668 516 3727 poenas
534 3648 616 3706 dedit
632 3670 687 3727 pro
705 3649 757 3718 iis,
787 3665 862 3724 quae
882 3665 960 3704 unus
981 3666 1036 3704 rex
1053 3657 1157 3706 contra
1177 3649 1226 3706 Je-

141 3752 251 3812 hovam
281 3762 466 3833 peccaverat.
509 3753 571 3813 Sub
596 3754 725 3833 imperio
752 3771 870 3831 regum,
913 3760 1069 3829 postquam
1101 3773 1225 3832 regnum

143 3859 175 3915 iu
196 3858 269 3917 duas
288 3869 386 3938 partes
407 3859 466 3917 suit
481 3857 632 3933 divisum,
664 3860 758 3917 multa
786 3853 923 3933 exempla
943 3855 1114 3914 morborum
1134 3857 1227 3916 offen-

141 3962 263 4036 dimus,
298 3963 348 4041 qui
378 3973 517 4040 tanquam
537 3963 681 4040 supplicia
714 3965 744 4019 in
766 3960 1051 4039 populuruejusque
1072 3983 1152 4040 reges
1169 3964 1225 4019 im-
