2754 4710
584 430 780 507 ..19-

144 626 220 686 prae
249 590 419 666 foeditatem
448 607 587 668 Hebraeis
609 607 643 665 iu
666 613 824 687 proverbio
841 613 945 688 fnisse,
988 636 1114 693 quacum
1134 627 1163 676 et
1184 637 1232 676 re-

143 731 215 769 rum
244 711 476 771 iuauirnatarnur
516 713 703 791 affectiones,
733 736 809 794 quae
842 727 944 797 turpes
960 729 1047 780 erant
1071 721 1230 800 adspectu,

145 829 365 896 compararent.
412 821 462 881 Sic
494 831 524 879 et
553 820 703 880 Micha'e‘lis
730 823 751 891 Ι,
776 844 802 881 c.
831 821 953 881 Forskal
979 823 1069 900 citat,
1092 825 1145 904 qui
1168 825 1228 904 ipsi

141 923 322 1002 scripserat,
355 945 385 982 se
420 925 453 982 iu
475 925 611 1005 Aegypto
635 925 671 984 de
691 926 774 1004 lepra
803 926 942 989 arborum
965 927 1130 1005 audivisse,
1153 950 1228 1009 quae

145 1051 250 1093 morsu
269 1030 449 1101 insectorum
473 1030 662 1092 efficiebatur.
704 1034 750 1091 De
771 1052 843 1092 vera
866 1032 948 1112 lepra
976 1033 1100 1092 minime
1117 1054 1229 1093 sermo·

147 1155 218 1194 nem
249 1135 341 1194 fuisse
367 1135 446 1216 apud
478 1137 606 1210 Mosem,
630 1145 713 1216 patet
736 1157 776 1197 ex
794 1136 883 1196 initio
901 1136 974 1217 legis
994 1136 1030 1196 de
1042 1130 1171 1196 aedibus
1188 1139 1232 1196 le-

146 1238 244 1318 prosis
264 1239 321 1318 [IH
341 1239 413 1298 Mos.
436 1240 504 1299 xlv
538 1237 600 1319 34):
624 1242 738 1316 uQuum
758 1228 957 1321 perveneritis
971 1242 1005 1301 in
1024 1252 1133 1302 terram
1153 1241 1232 1299 Cha-

150 1357 294 1402 nanae'om
305 1344 341 1401 :''
365 1344 391 1402 si
408 1346 487 1404 enin'r
500 1365 605 1405 revera
623 1345 660 1405 de
675 1346 847 1426 contagione
866 1345 981 1426 leprosa
998 1346 1082 1420 aedes
1100 1345 1230 1404 afficien-
1273 1342 1297 1389 ’-

150 1458 178 1508 te
197 1449 314 1507 locutus
334 1447 453 1523 suisset,
475 1471 536 1508 non
561 1450 667 1528 video,
690 1450 783 1531 quare
802 1472 863 1511 nou
882 1453 916 1511 in
932 1453 1049 1512 deserto
1067 1452 1149 1511 idem
1160 1472 1232 1510 cou-

152 1551 263 1631 [agium
276 1552 366 1610 etiam
384 1553 513 1612 tentoria
532 1555 675 1628 afficeret,
698 1564 727 1615 et
738 1576 832 1635 quare
848 1556 892 1616 ita
909 1542 1014 1616 affecta
1028 1556 1157 1615 tentoria
1169 1577 1230 1615 nou

152 1656 241 1743 simut
261 1678 329 1715 cum
348 1658 518 1718 hominihus
548 1659 670 1738 leprosis
690 1681 706 1720 e
725 1658 828 1719 castris
844 1669 941 1718 essent
956 1660 1146 1719 removenda.
1165 1661 1230 1719 Lex

148 1762 247 1842 itaque
277 1764 375 1842 potius
402 1765 439 1823 ad
483 1784 529 1823 res
546 1764 670 1840 civiles,
693 1785 785 1845 quam
805 1764 843 1821 ad
858 1783 906 1822 res
921 1762 1048 1822 medicas
1067 1764 1231 1843 spectabat,

152 1876 185 1926 ut
210 1866 324 1928 scilicet
356 1869 505 1928 Israelitae
530 1869 659 1928 debitam
685 1868 802 1926 aedibus
823 1886 924 1925 curam
944 1866 1091 1926 haberent
1103 1914 1112 1942 ,
1134 1888 1172 1927 ne
1193 1889 1230 1927 ex

152 1990 253 2030 earum
271 1959 361 2028 ruina
377 1971 565 2030 incommoda
582 1970 749 2029 orirentur:
773 1970 849 2028 sorte
864 1971 937 2028 tales
952 1972 1170 2039 excrescentiac
1181 1993 1231 2032 ae·

153 2072 422 2133 dium-murorum
452 2075 542 2134 simut
573 2073 694 2133 sanitati
726 2075 884 2149 nocebant,
908 2075 957 2134 sed
984 2056 1053 2134 cum
1072 2077 1108 2135 de
1126 2097 1231 2136 earum

155 2182 262 2237 natur'a
291 2196 398 2256 parum
424 2177 508 2236 nobis
527 2178 657 2259 liqueat,
680 2177 840 2238 haedere
858 2178 973 2257 aliquid
992 2156 1066 2239 certi
1094 2200 1231 2259 pronun-

155 2281 229 2340 tiare
251 2303 312 2340 non
341 2281 445 2340 ausim.
487 2282 590 2361 Neque
609 2283 697 2342 facile
723 2284 893 2361 crederem,
915 2285 951 2343 de
976 2270 1050 2346 vere
1068 2288 1151 2366 lepra
1174 2307 1234 2346 esse

157 2368 382 2466 intelligendum
412 2386 523 2446 vitium
551 2386 627 2446 illud
652 2389 803 2467 vestium,
834 2388 870 2447 de
888 2409 948 2467 quo
968 2389 1003 2448 fit
1022 2390 1134 2450 mentio
1154 2391 1233 2470 apud

155 2491 197 2552 Ill
212 2493 285 2552 Mos.
304 2493 392 2551 xut.
410 2491 460 2551 117.
481 2513 545 2572 sqq.
587 2495 644 2569 Qui
663 2495 778 2574 lepram
790 2493 939 2553 morbum
957 2496 1158 2574 contagiosum
1177 2495 1232 2555 ha-

154 2593 223 2655 bent
245 2595 312 2677 (bb)
322 2636 337 2672 ,-
354 2595 390 2653 de
410 2597 544 2675 contagio
563 2598 693 2677 cogitant
709 2618 778 2658 cunr
794 2595 980 2657 vestimentis
999 2596 1231 2674 communicato,

155 2701 199 2760 uti
216 2700 273 2759 hoc
294 2700 384 2759 etiam
403 2700 440 2759 de
464 2702 752 2780 peste'notissimum
774 2711 835 2778 est3
856 2702 909 2760 alii
928 2720 1018 2778 vero,
1040 2703 1077 2760 ad
1096 2703 1233 2784 quosbti-

154 2804 265 2864 chatiis
282 2804 434 2883 pertinet,
448 2798 571 2882 ¹lepram
591 2807 721 2866 vestium
737 2804 774 2862 de
796 2805 864 2863 lana
882 2803 986 2863 ovium
1004 2805 1107 2863 morbo
1128 2806 1232 2886 atiquo

154 2907 368 2968 exstinctarum
395 2905 604 2985 intelligunt·
630 2908 746 2985 Horum
775 2908 878 2988 opinio
905 2907 981 2965 mihi
1008 2918 1088 2968 certe
1109 2909 1231 2988 propius

131 3012 187 3087 qud
205 3009 363 3070 veritatem
380 3007 517 3067 accedere
541 3009 680 3086 vitietur,
703 3033 793 3089 quam
810 3013 952 3084 illorum,
981 3034 1074 3091 quum
1101 3013 1231 3072 multum

153 3117 207 3194 sit,
230 3135 285 3174 cur
301 3114 337 3174 de
356 3113 455 3194 leprae
475 3114 569 3192 ipsius
589 3114 917 3193 contagio‘dubitemus.

646 3321 666 3403 q
690 3324 736 3382 12.

195 3508 422 3570 Jamvideamus
440 3507 535 3566 morbi
556 3517 773 3587 symptomata,
798 3509 898 3588 qualia
910 3508 995 3567 nobis
1013 3509 1047 3567 in
1068 3509 1159 3568 sacris
1179 3513 1233 3571 Co-

156 3611 266 3693 dicibus
294 3621 365 3670 suut
383 3611 492 3670 tradita
524 3611 582 3692 (ΙΙΙ
612 3613 682 3673 Μοε.
702 3613 783 3673 Xlll·
804 3615 834 3673 3.
850 3610 933 3693 sqq.)
957 3613 1063 3688 ttQued
1078 3613 1105 3672 si
1123 3614 1179 3694 pili
1200 3615 1233 3698 in

160 3718 263 3779 aflectu
280 3718 386 3779 mutati
408 3719 520 3776 suerint
540 3716 573 3776 in
600 3718 700 3776 album
717 3727 747 3776 et
767 3717 888 3778 effeetus
904 3717 993 3777 facies
1016 3708 1234 3800 cute'corporis

160 3819 339 3902 depressior,
362 3823 462 3901 leprae
480 3824 601 3882 morbus
616 3832 677 3896 est,
701 3843 736 3881 eo
753 3819 819 3882 viso
834 3823 968 3882 sacerdos
986 3823 1136 3903 pollutum
1149 3825 1233 3902 judi·

185 3977 230 4038 (42)
248 3982 333 4027 Mein,
349 3950 409 4021 Meri.
424 3989 481 4019 sacr.
495 3990 518 4032 p.
535 3975 561 4018 ts
577 3990 611 4031 sq.
625 3997 655 4010 -·
669 3975 803 4019 urrann».
818 3976 835 4019 l.
850 3989 870 4018 c.
886 3989 908 4031 p.
923 3974 961 4021 90.

1060 4061 1108 4117 ps
