2754 4710
584 438 803 495 --206-Ὗ

142 608 228 659 utet
255 600 349 668 illrul,
375 598 454 677 qnotl
479 598 512 655 in
535 598 576 655 Co
596 605 626 653 et
647 597 769 656 Triocae
784 607 868 672 erat,
891 598 950 658 suit
967 598 1111 659 refertum
1133 599 1208 681 (16);

145 725 208 761 mos
234 714 335 761 autem
369 701 420 761 ille
447 700 538 758 etiam
566 699 600 759 in
617 699 703 760 lsidis
725 701 837 780 templo
855 701 985 782 viguisse
1007 701 1128 762 videtur
1144 704 1211 782 (17).

143 807 332 866 Tabellarnm
358 806 481 864 illarum
498 803 614 884 aliquot
631 806 665 863 iu
683 804 783 864 insula
803 803 947 863 Tiberina
962 826 1056 885 prope
1079 807 1210 879 Romam,

145 911 196 970 ubi
219 912 277 972 suit
295 909 441 989 templum
457 908 641 987 Aesculapii,
664 919 735 970 sunt
752 920 906 990 repertae,
928 931 1002 990 quas
1015 913 1132 992 primus
1148 914 1215 972 Grn-

143 1026 226 1076 terns
242 1013 420 1092 exscripsit,
442 1022 472 1071 et
503 1013 740 1074 llundertmarck
758 1014 880 1094 collegit
898 1015 975 1096 (18).
1018 1019 1064 1075 De
1079 1018 1216 1077 medicina

146 1142 220 1181 vero
249 1120 458 1200 Asclepiadem
488 1139 525 1180 ex
553 1119 633 1179 bisce
663 1118 789 1193 tabulis,
826 1140 901 1197 quae
925 1118 1025 1180 adbuc
1045 1133 1217 1200 supersunt,

145 1246 205 1287 non
232 1225 360 1284 multum
391 1224 497 1283 confici
527 1224 609 1296 lioet,
635 1221 693 1281 uisi
710 1223 786 1287 sorte
812 1221 909 1292 illud,
944 1223 1023 1302 quod
1043 1225 1217 1299 maximam,

145 1339 261 1410 partem
285 1328 451 1389 curationis
471 1327 653 1386 autocratiae
671 1337 794 1386 naturae
813 1325 1004 1412 reliquerint,
1023 1338 1054 1387 et
1066 1328 1147 1407 qnod
1166 1329 1220 1407 ple·

145 1452 275 1513 rumque
305 1441 489 1512 aegrotantes
515 1431 592 1490 mala
610 1452 661 1490 sua
676 1429 835 1507 valdopere
851 1430 1060 1516 aggravarint:
1083 1452 1173 1510 quam
1191 1433 1220 1490 ob

146 1558 211 1597 rem
238 1558 308 1596 cnm
333 1535 416 1594 erud.
456 1534 571 1594 Hecker
601 1555 650 1594 eas
669 1555 731 1593 non
746 1533 847 1612 magni
862 1535 1006 1593 momenti
1031 1535 1128 1597 habeo
1152 1537 1220 1618 (19).

148 1639 320 1700 Dolendum
355 1649 399 1696 est
426 1638 546 1716 itaque,
577 1638 656 1716 quod
673 1658 777 1697 earum
796 1637 898 1716 plnres
916 1637 954 1696 ad
972 1659 1025 1696 nos
1043 1660 1106 1698 non
1127 1659 1224 1719 pervc-

149 1744 266 1816 nerint,
292 1763 352 1822 quo
377 1741 410 1800 in
430 1763 499 1802 casu
514 1763 553 1802 ex
569 1743 607 1802 iis
622 1742 700 1801 sorte
718 1739 834 1819 aliquid
850 1740 887 1798 de
910 1739 1121 1819 Asclepiadum
1139 1741 1223 1801 medi-

149 1848 234 1919 cina,
265 1847 390 1928 ejusque
416 1847 586 1907 conditione
614 1846 758 1927 possimus
785 1844 939 1904 conficere.
982 1845 1107 1923 Majoris
1127 1846 1221 1907 saltem

151 1952 296 2011 momenti
323 1951 413 2012 fnisse
435 1949 580 2011 videntur
601 1951 720 2012 tabulae
735 1949 822 2022 illae,
848 1951 974 2028 quaein
993 1952 1106 2030 templo
1125 1953 1223 2012 Aescu-

150 2054 241 2136 lapii,
274 2054 354 2134 qnod
376 2055 410 2112 in
440 2055 584 2130 Co-erat,
606 2065 773 2116 asservatae
796 2057 938 2133 suerunt,
960 2058 1107 2138 siquidem
1127 2060 1224 2138 llippo·

152 2170 266 2237 crates,
301 2159 347 2219 uti
375 2160 481 2220 Strabo
505 2169 623 2235 narrat,
645 2178 682 2219 ex
697 2159 758 2219 illis
779 2161 979 2240 composuerit
1000 2162 1073 2236 illa,
1099 2184 1173 2242 quae
1193 2162 1223 2219 atl

152 2267 253 2326 victus
272 2264 418 2325 rationem
438 2273 572 2343 spectant
591 2263 669 2344 (20).

649 2473 673 2547 §-
693 2474 742 2531 na

148 2746 150 2749 ,
198 2679 324 2739 Tabulae
344 2679 465 2741 votivae
484 2688 514 2740 et
533 2677 742 2757 inscriptiones
763 2679 795 2737 in
817 2680 961 2755 oolumnis
972 2727 981 2757 ‚
1000 2684 1046 2742 uti
1064 2694 1095 2743 et
1113 2685 1221 2744 donaria

153 2786 256 2849 votiva
281 2786 483 2845 sacerdotibus
507 2786 597 2861 etiam
620 2785 698 2844 hanc
719 2785 880 2846 utilitatem
907 2785 1048 2846 habuisse
1074 2790 1219 2860 videntur,

159 2903 192 2951 nt
224 2890 262 2949 iis
288 2890 434 2968 adspectis
462 2890 679 2970 aegrotantium
712 2889 782 2948 fides
813 2901 988 2971 augeretur,
1020 2915 1118 2973 quum
1142 2894 1221 2954 disoe-

156 3006 240 3067 rent,
271 3004 384 3074 quauta
404 3004 480 3054 esset
507 2995 566 3054 Dei
589 2994 732 3073 potentia.
773 2995 839 3055 Huc
857 3007 1030 3076 spectarunt
1051 3000 1144 3058 etiam
1164 3000 1221 3058 serta

157 3100 226 3172 illa,
261 3119 337 3178 qnae
368 3099 401 3158 in
431 3100 606 3158 memoriam
633 3098 845 3158 beneficiorum
881 3122 899 3159 a
930 3104 994 3161 Deo
1028 3105 1220 3182 praestitorum

160 3223 351 3283 magnacum
375 3223 483 3282 pompa
501 3203 538 3262 iis
548 3203 582 3261 in
595 3204 668 3263 locis
687 3206 928 3275 celebrabantur,
950 3208 1000 3267 ubi
1020 3221 1110 3271 erant
1130 3213 1221 3270 Aescu-

154 3308 395 3326 -ῇ

191 3354 240 3412 (16)
256 3354 354 3397 Srnavo.
370 3353 422 3396 Lib.
436 3354 508 3398 vttl.
523 3368 547 3409 p.
563 3352 614 3398 5⁷5.
629 3357 661 3400 A.

192 3436 240 3493 (17)
257 3438 358 3481 Turnat..
373 3436 425 3479 Lib.
439 3437 460 3478 1.
473 3436 510 3479 El.
526 3436 548 3479 3.

310 3516 392 3561 nNunc
408 3518 470 3565 Dea,
485 3531 544 3557 nuno
557 3531 663 3559 succurre
676 3519 745 3561 milri:
763 3535 815 3562 nam
828 3537 890 3577 posse
903 3524 1001 3573 mederi,

397 3597 461 3639 Picta
475 3597 539 3638 docet
550 3598 639 3651 templis
652 3600 725 3642 multa
738 3603 821 3644 tabella
835 3603 905 3646 tuis.''

192 3684 240 3740 (18)
257 3684 444 3725 ctsmrart.
460 3681 825 3737 0.1.p.229.rqq.ubi0arum
844 3684 1005 3740 interpretatio
1024 3686 1048 3728 iu
1067 3687 1163 3742 linguam
1181 3683 1224 3725 cer·

162 3779 251 3810 marram
265 3765 386 3819 reperitur.
419 3763 456 3806 ef.
473 3764 637 3805 Meucnnraus
646 3793 652 3812 ,
667 3765 693 3806 dr
705 3764 763 3806 Arte
776 3765 931 3820 Gymnastica.
947 3767 999 3811 Lib.
1016 3768 1036 3810 1.
1051 3782 1072 3810 c.
1090 3767 1109 3809 l.

192 3846 240 3904 (19)
256 3848 372 3896 Herna,
386 3861 409 3890 o.
422 3847 439 3888 l.
453 3861 477 3901 p.
493 3845 530 3888 62.
545 3845 570 3886 in
582 3852 659 3891 annot,
680 3846 738 3897 uDie
752 3846 778 3890 in
791 3846 850 3888 Rom
864 3847 906 3890 ant
925 3849 964 3891 ‹ler
984 3849 1112 3892 Tiberiusel
1125 3845 1224 3903 autgeru-

163 3930 233 3971 denen
247 3927 297 3969 siml
317 3927 373 3968 ohne
387 3927 531 3969 erbebliclren
545 3926 656 3970 Werth.''

193 4013 242 4071 (20)
257 4013 355 4054 samo.
379 4011 431 4055 tn.
452 4012 520 4057 xvr.
542 4025 564 4065 p.
579 4009 631 4054 972.
649 4010 681 4053 A.
713 4000 1040 4057 cr.ru«.''1ns.xxrx.c.
1059 4014 1078 4057 1.
