2754 4710
569 435 788 494 -18t3-

143 594 302 652 admodum
325 594 488 672 composito
508 603 538 652 et
570 593 728 670 niagnilicn
752 591 845 671 gradu
871 591 973 649 omnia
998 593 1127 650 lustrare
1148 591 1211 673 (lb).

146 702 216 776 Quis
243 721 303 758 uon
336 701 472 759 lubenter
503 700 705 759 eruditissimo
735 695 852 755 Heeker
881 693 1020 753 assentiri
1053 695 1146 768 velit,
1173 695 1211 754 di-

144 807 239 877 centi,
271 805 413 864 hocloco
439 824 499 863 esse
519 802 709 882 cogitandum
735 802 771 859 de
799 800 949 859 sacerdote
966 801 1070 878 aliquo
1089 799 1213 858 Aesonia·
1256 806 1259 817 '

145 911 202 988 pii,
234 910 286 988 qui
313 910 407 989 ipsius
436 910 492 968 Dei
516 907 680 986 insignibus
708 906 849 981 indutus,
878 892 1092 965 comitantibus
1111 904 1214 963 filiabus

144 1013 260 1073 lasonis
286 1023 316 1072 et
345 1013 492 1071 Panaceae
520 1012 647 1090 speciem
674 1032 744 1090 prae
774 1032 804 1070 se
832 1011 1011 1083 serentibus,
1044 1021 1215 1088 aegrotantes

144 1118 287 1207 lustrabat
308 1138 375 1175 cnm
397 1117 434 1174 iis
463 1117 711 1189 communicans,
731 1134 876 1194 quaenam
892 1131 990 1173 essent
1010 1109 1161 1183 facienda,
1191 1121 1216 1170 ut

145 1222 304 1279 sanitatem
337 1231 555 1298 recuperarent
582 1217 675 1298 (tm
735 1220 779 1278 Ita
808 1229 837 1276 et
863 1218 930 1298 ipse
960 1237 1064 1274 servus
1100 1216 1215 1287 Carion,

145 1325 191 1404 cuj
199 1347 230 1382 ns
253 1323 439 1402 phantasiam
460 1344 521 1381 non
539 1322 626 1381 valde
645 1327 806 1401 excitatam
825 1322 915 1386 fnisse
933 1333 1015 1402 patet
1028 1342 1064 1382 ex
1076 1323 1212 1394 omnibns,

144 1449 220 1506 quae
243 1428 275 1484 in
295 1427 408 1504 templo
427 1426 498 1485 lecit
516 1426 594 1484 etde
607 1427 781 1508 Aesculapio
793 1429 918 1507 ejusque
930 1421 1045 1486 filiabus
1057 1416 1136 1485 diitit
1148 1426 1214 1504 (48),

73 1594 75 1598 ,
143 1533 290 1591 censuisse
310 1532 440 1590 videtur.
482 1530 580 1588 Elium
607 1530 712 1590 rhetor
737 1533 859 1591 Polemo
889 1529 1015 1589 nonita
1036 1529 1214 1588 familiariter

144 1637 322 1715 Aesculapio
341 1635 555 1715 respondisset,
578 1636 603 1694 si
621 1635 684 1714 ipse
701 1638 895 1712 credidisset,
916 1631 1023 1696 revera
1045 1639 1145 1723 Deum
1156 1656 1215 1695 cen-

142 1742 244 1799 silium
271 1741 307 1799 de
336 1740 460 1798 curandi
485 1738 639 1815 methodo,
670 1762 747 1820 quae
775 1752 839 1800 erat
866 1741 1068 1808 instituenda,
1104 1739 1215 1799 dedisse.

144 1845 245 1916 Quum
276 1845 356 1903 enim
373 1880 410 1891 -
433 1846 476 1902 ita
512 1865 575 1905 rem
603 1856 706 1904 narrat
729 1846 928 1904 Philostratus
948 1845 1031 1924 ,(49)
1048 1879 1089 1890 -
1113 1841 1235 1902 retheri·

141 1952 188 2008 illi
214 1951 316 2009 morbo
339 1951 495 2010 articulari
519 1950 664 2011 laboranti
697 1947 857 2009 consilium
881 1948 1030 2023 dedisset,
1061 1957 1097 2005 ut
1119 1945 1213 2026 frigido

144 2067 215 2138 potu
241 2057 423 2131 abstineret,
456 2056 610 2136 respondi-t
637 2055 723 2115 valde
751 2053 943 2111 familiariter
972 2061 1074 2135 noster
1103 2070 1210 2130 rogans:

143 2182 157 2221 t
168 2162 246 2237 Quid
263 2182 336 2234 ¹vero
346 2209 355 2237 ,
377 2182 395 2218 o
410 2162 522 2243 optime
531 2206 539 2236 ,
561 2160 690 2234 faceres,
713 2161 739 2218 si
759 2161 819 2218 tibi
831 2161 882 2218 bos
900 2169 974 2218 esset
995 2140 1210 2238 curandns[qul

143 2266 255 2325 scilicet
275 2288 293 2324 a
310 2265 419 2346 frigido
438 2274 510 2343 potu
526 2264 623 2323 arceri
641 2263 759 2343 nequit]
772 2265 822 2323 l'''
839 2264 911 2322 Tale
933 2263 1006 2343 quid
1020 2284 1081 2323 non
1091 2265 1208 2343 aliquem

143 2391 272 2449 rogasse,
297 2371 382 2446 eujus
400 2369 558 2448 phantasia
576 2368 634 2426 Dei
652 2368 851 2427 admiratione
872 2370 1004 2427 excitata
1023 2388 1084 2446 per.
1095 2369 1209 2445 quietem

141 2474 232 2549 hujus
256 2473 311 2530 Dei
321 2491 427 2535 vocem
446 2471 587 2529 exaudire
609 2468 747 2557 putaret,
769 2490 823 2550 per
846 2491 876 2529 se
892 2482 937 2530 est
957 2471 1117 2550 probabile.
1139 2464 1210 2542 Quod

141 2576 178 2636 de
205 2577 376 2636 morborum
403 2575 610 2654 exploratione
638 2576 674 2631 ab
704 2576 882 2655 Aesculapio
902 2577 1002 2650 habita
1021 2575 1098 2641 dicit
1123 2589 1210 2633 servus

144 2680 272 2756 Carion,
302 2681 339 2738 ad
370 2679 517 2759 quoddam
547 2699 699 2759 aegrorum
716 2699 841 2754 examen
861 2689 993 2763 spectare
1013 2680 1136 2738 videtur
1149 2699 1156 2752 3
1170 2669 1210 2733 sed

143 2804 267 2844 examen
287 2783 364 2841 illud
381 2784 470 2842 nimis
489 2783 588 2841 obiter
602 2783 833 2857 instituebatur,
857 2805 946 2862 quam
978 2793 1010 2841 nt
1034 2803 1127 2842 exeo
1144 2775 1209 2838 mul-

143 2897 216 2946 tum·
240 2872 448 2946 sacerdotibus·
464 2887 504 2946 de·
518 2889 689 2959 morborum
710 2899 818 2968 natura
836 2878 1022 2948 innotescere
1041 2897 1145 2969 posset.
1165 2883 1210 2942 At-

143 3005 244 3058 tamen
276 2993 426 3072 probabile
452 3003 514 3069 est,
543 2982 723 3072 plerumque¹
742 2992 909 3053 accuratius
928 2974 1080 3070 qiroddam
1102 2998 1214 3049 examen

142 3100 237 3177 ipsam
262 3097 485 3157 incubationem
516 3099 724 3172 antecessisse,
755 3107 785 3155 et
813 3096 868 3156 hac
897 3098 983 3154 in-re
1000 3096 1037 3153 de
1056 3079 1215 3163 Aesculapii

144 3205 263 3284 templis
288 3204 369 3263 idem
400 3203 501 3262 valere
513 3251 521 3280 ,
555 3225 591 3264 ae
622 3204 728 3264 Strabo
744 3203 781 3259 de
805 3200 958 3260 Charonio
975 3210 1062 3270 antro
1083 3183 1222 3277 expressis

187 3398 253 3482 (Ab)
277 3403 408 3468 Ἐκεῖνος
428 3403 460 3462 δὲ
481 3408 510 3462 ὲν
529 3408 624 3479 κύκλῳ
645 3405 684 3460 roi
697 3403 847 3475 νοσήματα
868 3402 983 3460 σκοπῶν
993 3404 1121 3476 nepisina
1134 3396 1237 3454 noivt‘¹

146 3515 271 3583 κοσμίως
293 3512 377 3566 πάνυ.

173 3612 224 3664 llil)
240 3612 355 3660 Hscxsn,
371 3611 452 3651 Gesch.
469 3610 508 3650 der
521 3609 600 3652 lleills.
613 3608 671 3650 Bnd.
688 3609 707 3651 l.
722 3624 744 3663 p.
761 3606 797 3650 59.
836 3595 839 3602 Ι

164 3691 224 3743 ¹(48)
241 3691 349 3750 Arripuit
370 3691 437 3733 ollam
457 3691 546 3732 vetulae
568 3689 699 3744 cujusdam,
723 3703 780 3743 quae
800 3689 921 3730 dormitum
941 3689 966 3729 in
987 3690 1096 3744 templum
1117 3668 1256 3739 renesat'

1202 3753 1259 3792 a*

1252 3816 1256 3826 a

146 3773 211 3830 pulte
224 3773 347 3826 repletam,
362 3786 429 3826 qnam
443 3773 490 3827 ipse
503 3773 606 3832 comedit,
638 3771 703 3825 Quod
715 3755 770 3812 cnm¹
780 3771 884 3820 fecisset,
899 3773 1006 3825 Deosque
1019 3786 1070 3814 cnm
1084 3771 1182 3814 filiabus

148 3855 261 3902 cessisset,
276 3855 366 3908 pepedit
379 3853 462 3910 impius
475 3868 565 3896 servus:
580 3860 629 3894 tum
644 3854 695 3894 Jaso
708 3878 739 3887 -
754 3853 786 3894 ita
800 3857 879 3894 narrat
892 3852 940 3909 ipse
958 3878 988 3888 ·-
1003 3853 1096 3896 erubuit
1109 3853 1136 3894 eb
1150 3850 1210 3892 cre
1215 3831 1259 3882 1⁹¹

148 3945 206 3988 tum,
221 3943 244 3978 et
256 3937 357 3978 Panacea
368 3937 461 3978 naribus
475 3927 606 3992 compressis
621 3951 643 3978 se
663 3934 755 3979 avertit.

178 4018 228 4072 (to)
245 4019 398 4069 Pariosrasrs
418 4016 469 4061 vir.
485 4018 583 4074 Sophist.
606 4020 658 4062 Lib.
673 4022 694 4062 Ι.
709 4022 753 4063 vit.
770 4018 805 4060 25.
822 4033 841 4061 e.
857 4021 879 4062 4.
