2724 4702
571 404 810 516 -74'4

133 617 210 698 leges
237 615 361 678 cibarias
388 639 406 676 a
429 614 508 677 Mose
536 619 646 698 populo
675 618 758 678 daus
779 615 1032 696 contemplemur,
1056 622 1157 693 patet,
1181 611 1220 673 ad

135 724 291 783 immunda
318 724 465 803 quaedam
496 724 618 802 quidem
643 725 813 803 pertinere,
842 742 917 801 quae
941 743 959 779 u
981 720 1065 779 nobis
1083 741 1146 778 non
1164 721 1222 780 dea

135 837 321 906 nectentur,
341 828 392 888 secl
412 839 511 888 tamen
532 829 665 908 plurima
685 829 748 887 esui
771 829 872 886 minus
889 835 963 906 apta
981 846 1059 902 esse;
1079 846 1217 898 eavero,

134 952 320 1011 quaequam
343 930 610 997 maxime'munda
624 932 833 1005 declarantur,
856 930 1050 992 saluberrima
1072 930 1221 990 alimenta

135 1035 283 1115 praebere.
327 1036 486 1098 Mirabitur
515 1037 594 1096 sorte
612 1037 695 1116 quis,
722 1039 832 1099 Illosem
852 1036 890 1094 ad
913 1036 986 1094 haee
1004 1034 1096 1093 etiam
1118 1033 1224 1092 nomi-

135 1140 230 1198 natim
261 1140 388 1199 locustas
416 1141 531 1199 referre
550 1141 611 1222 (vus
625 1143 691 1221 22.)
702 1188 711 1218 ,
732 1162 809 1223 quae
826 1151 906 1201 certe
922 1139 1002 1219 apud
1017 1160 1070 1197 nos
1088 1137 1221 1196 minime

130 1240 343 1302 comeduntur.
383 1243 441 1302 Sed
470 1242 559 1302 aliter
583 1263 632 1303 res
660 1265 721 1304 sese
748 1243 839 1302 habet
860 1244 894 1302 in
913 1244 962 1303 his·
980 1243 1067 1303 Asiae
1086 1240 1219 1320 regioni⁴

116 1332 203 1407 'bus:
236 1346 373 1406 Niebuhr
402 1355 548 1423 testatur,
569 1367 617 1406 eas
633 1367 695 1405 non
716 1348 864 1407 insalubre
888 1348 1109 1407 nutrimentum
1130 1334 1216 1422 prae-¹

49 1510 53 1515 ,
137 1451 204 1508 bere
230 1447 309 1529 (37).
354 1451 445 1530 Saepe
474 1453 610 1531 ingentes
635 1461 772 1512 catervae
798 1453 981 1512 locustarum
1004 1453 1043 1509 in‘
1057 1449 1106 1509 his
1124 1448 1216 1526 regio·

138 1553 225 1614 nibus
254 1575 338 1634 agros
368 1555 524 1615 devastant
553 1565 584 1615 et
602 1552 718 1632 'segetes
744 1567 947 1632 consumunt,
979 1554 1052 1612 adeo
1073 1563 1109 1612 ut
1126 1562 1217 1629 metus

138 1658 232 1731 adsit,
265 1679 303 1717 ne
323 1660 416 1719 sames
449 1661 575 1720 oriatur.
628 1661 814 1721 Clarissimus
845 1661 1000 1723 Michaelis
1016 1656 1083 1738 (38)
1105 1658 1217 1731 credit,

135 1763 279 1822 animalia
310 1765 417 1825 haecce
447 1766 481 1825 in
516 1766 569 1825 tali
599 1788 685 1844 casu,
715 1787 808 1846 quum
837 1766 901 1845 ipsa
917 1763 1105 1823 nutrimento
1124 1763 1217 1820 inser-

140 1867 247 1943 viant,
272 1869 383 1928 famem
401 1871 507 1930 tollere
519 1917 528 1948 ,
551 1892 640 1950 quum
663 1873 727 1951 ipsa
744 1870 910 1930 attulerant
917 1889 925 1943 3
948 1865 1099 1947 imprimis
1122 1884 1216 1947 quum

135 1971 169 2030 in
189 1972 359 2033 fornacibus
379 1976 542 2034 exsiccatae
563 1974 752 2054 aliquamdiu
769 1973 922 2034 adservari
941 1974 1064 2052 possint.
1093 1970 1216 2048 ltaque,

136 2096 229 2154 quum
248 2077 399 2156 legislator
427 2079 583 2152 vetuisset,
608 2101 646 2138 ne
662 2079 730 2138 aliis
751 2079 873 2139 insectis
895 2077 952 2159 (vs.
973 2073 1037 2155 20.)
1063 2094 1217 2136 vesceren-

135 2190 204 2258 tur,
239 2203 353 2243 necesse
375 2194 459 2260 erat,
488 2205 523 2244 ea
545 2184 694 2258 indicare,
717 2183 827 2265 quibus
855 2182 881 2243 si
900 2182 933 2240 in
963 2180 1017 2240 uli
1038 2179 1121 2240 clade
1139 2179 1219 2239 vesei

136 2307 199 2346 non
225 2288 373 2365 licuisset,
391 2290 565 2368 gravissima
583 2288 772 2350 incommoda
789 2287 899 2367 populo
915 2285 1120 2344 imminerent.
1162 2284 1221 2345 Lo·

143 2398 240 2448 custas
271 2411 345 2450 vero
369 2413 523 2472 nunquam
548 2394 585 2451 ad
602 2393 791 2475 quotidianos
812 2392 1013 2454 Israelitarum
1029 2390 1109 2450 cibos
1128 2391 1222 2471 perti·

139 2493 258 2569 unisse,
287 2503 369 2573 patet
396 2514 435 2553 ex
465 2494 532 2568 eo,'
551 2497 632 2577 quod
656 2496 802 2576 expressis
830 2494 928 2555 verbis
959 2495 1115 2561 dicuntur,
1138 2495 1222 2556 cibus

136 2593 261 2656 loannis
288 2600 437 2679 Baptistae
452 2601 563 2678 fuisse,
583 2601 669 2679 cujus
685 2602 767 2659 vitae
790 2601 868 2660 ratio
885 2619 904 2656 a
920 2608 1105 2658 caeterorum
1122 2597 1224 2658 homi·

137 2722 212 2762 num
231 2723 321 2782 quam
342 2705 473 2764 maxime
490 2705 644 2765 differebat
661 2705 781 2787 (March.
803 2706 862 2765 Ill.
878 2706 908 2763 4.
926 2705 1016 2764 Marc·
1037 2702 1060 2765 l.
1078 2701 1136 2783 u).

546 2916 549 2923 ·
639 2911 724 2990 sss.

186 3121 376 3182 Animalium
399 3144 472 3182 vero
495 3145 531 3184 ex
552 3124 654 3205 morbo
671 3121 799 3202 quodam
820 3129 1030 3194 mortuorum,
1050 3117 1105 3178 elsi
1126 3129 1225 3180 caete·

138 3227 249 3306 roquin
270 3227 382 3286 munda
397 3228 541 3306 fuissent,
569 3249 657 3290 earne
687 3227 771 3287 vesci
798 3227 880 3286 nelas
899 3235 979 3298 erat,
999 3225 1072 3283 adeo
1096 3236 1133 3286 ut
1152 3225 1226 3306 qui·

137 3353 254 3411 cunque
278 3333 356 3394 hanc
384 3318 587 3407 comedimus
609 3335 647 3407 ad
683 3353 837 3412 vesperam
865 3351 959 3410 usque
986 3331 1119 3410 pollutus
1149 3339 1226 3390 esset

139 3436 208 3517 llll.¹
228 3438 300 3497 Mos.
323 3438 377 3498 Xl.
394 3439 457 3514 39,
486 3439 576 3518 40..·)
611 3439 656 3498 lta
682 3457 786 3509 nsum,
818 3436 872 3515 qui
898 3435 977 3524 apud
1000 3455 1108 3494 omnes
1129 3435 1226 3494 cultas

137 3551 240 3620 gentes
267 3542 368 3614 valet,
391 3543 461 3621 lege
490 3542 618 3602 sancivit
650 3543 760 3616 lloses;
789 3543 912 3601 eandem
943 3541 1035 3621 legem
1061 3551 1093 3600 et
1113 3541 1224 3602 Arabes

136 3642 247 3704 habeut
267 3645 353 3727 (39)·:
377 3666 443 3705 eam
464 3667 555 3724 quam
576 3647 708 3708 maxime
728 3648 850 3708 sanitati
871 3646 1024 3727 prodesse,
1053 3646 1099 3705 uli
1121 3653 1225 3705 monet

139 3797 340 3812 *—

169 3885 217 3942 (37)
233 3886 344 3930 Nrssuau
359 3889 452 3931 Beschr.
469 3903 515 3930 von
530 3888 639 3932 Arabio'n.
659 3905 683 3945 p.
702 3889 752 3935 172.

170 3971 217 4025 (38)
234 3972 292 4013 Mos.
310 3971 375 4027 Regi.
392 3973 436 4017 lv.
454 3987 478 4027 p.
501 3971 553 4016 210.

170 4054 218 4109 (39)
235 4055 361 4098 nicusus
376 4054 434 4098 Mos.
451 4053 517 4110 Πομ.
535 4055 579 4100 Ν.
597 4067 620 4109 1).
637 4051 687 4097 215.
705 4068 755 4109 sqq⁴
