2754 4710
590 392 795 452 -83-

140 550 312 611 laborabant
341 571 357 610 a
386 549 576 630 popularibus
606 550 734 611 Enarces
763 549 864 610 vocati
902 551 980 631 (ll).
1004 555 1007 559 ’
1031 549 1132 610 lliorbo
1163 549 1214 611 boc

143 654 292 715 tremisso
322 654 503 734 Scytharum
535 655 625 714 multi
657 665 790 735 tempore
810 655 909 714 adhuc
928 656 1124 737 Hippocratis
1144 655 1219 714 labo-

144 760 268 819 rabant:
290 759 340 819 hic
362 760 466 820 saltem
487 760 524 820 de
543 761 590 820 his
601 761 724 821 eviratis
744 760 1100 840 (ascriptasrssoquitur,
1118 779 1220 840 eosque

147 870 303 940 airovxlar
323 875 497 945 rrrsncupat,
518 866 679 947 dicitque,
706 885 755 924 eos
775 865 882 923 munia
905 864 1064 924 muliebria
1085 863 1176 935 obire,
1196 885 1226 922 ac

146 972 232 1030 velut
258 972 398 1031 mulieres
416 972 553 1031 iactitare
573 981 604 1030 et
622 970 706 1048 loqui
727 965 804 1048 (25).
845 968 985 1027 Caussam
1001 966 1094 1044 hujus
1111 967 1221 1042 morbi,

147 1074 202 1153 qui
226 1075 378 1154 imprimis
404 1075 515 1133 divites
540 1074 670 1133 affecisse
699 1071 840 1146 videtur,
869 1070 902 1128 in
933 1070 1119 1150 equitatione
1142 1073 1224 1150 ponit

147 1177 362 1258 Hippocrates,
391 1198 482 1258 quam
510 1178 641 1258 Scythae
667 1199 738 1257 prae
758 1175 881 1235 caeteris
899 1184 1055 1234 exercent:
1077 1175 1130 1234 ubi
1150 1176 1227 1236 enim

149 1286 317 1364 plurimum
350 1292 380 1342 et
414 1282 592 1342 creberrime
618 1284 757 1362 equitant
783 1317 821 1329 -
848 1294 918 1342 sunt
942 1283 1034 1341 verba
1062 1281 1116 1342 coi
1136 1281 1228 1342 -ibi

149 1387 275 1466 plurimi
293 1386 445 1449 diuturnis
464 1409 501 1448 ex
516 1385 687 1446 defluxione
703 1385 908 1446 allectionibus
929 1385 1010 1466 (26),
1033 1387 1227 1448 coxendicum

150 1493 283 1569 morbis,
323 1493 495 1573 pedumque
531 1490 683 1552 doloribus
715 1492 926 1571 corripiuntur
953 1503 985 1551 et
1015 1492 1054 1550 ad
1088 1513 1226 1552 venerem

149 1596 348 1658 exercendam
379 1597 505 1677 pessime
526 1617 556 1656 se
576 1596 701 1657 habent:
730 1616 825 1675 quum
848 1606 948 1655 autem
970 1597 1101 1677 Scythae
1121 1618 1158 1659 ex
1177 1597 1227 1657 tali

151 1722 254 1763 caussa
276 1701 456 1782 impotentes
483 1702 555 1762 sacti
585 1722 649 1759 rem
667 1722 738 1761 csun
761 1701 936 1761 mulieribus
954 1702 1064 1762 habere
1084 1724 1144 1760 non
1166 1723 1228 1783 pos·

149 1807 231 1878 sint,
264 1807 405 1866 muliebri
431 1807 507 1866 stola
536 1807 656 1877 amicti,
682 1826 766 1864 suam
784 1806 936 1885 ignaviam
953 1817 1095 1867 accusant
1115 1816 1230 1867 etcum

152 1911 329 1970 mulieribus
356 1911 531 1970 victitantes
567 1931 670 1969 earum
692 1930 781 1989 opera
806 1920 949 1970 tractant.
999 1911 1145 1971 Diversae
1169 1913 1229 1971 sue-

149 2026 223 2077 runt
242 2017 445 2081 recentiorum
466 2016 504 2075 de
525 2016 580 2075 hoc
602 2016 782 2094 Scytharum
803 2016 907 2074 morbo
926 2018 1102 2077 sententiae.
1142 2018 1229 2078 Multi

150 2123 186 2181 de
215 2122 324 2205 morbo·
344 2121 473 2200 quodam
504 2121 594 2180 locali
623 2121 755 2199 partium
783 2120 962 2198 genitalium
984 2119 1170 2199 cogitarunt,
1191 2122 1232 2179 uti

152 2227 188 2285 ale
212 2225 396 2304 gonorrhoea
413 2225 535 2284 Hensler
563 2223 629 2304 (27)
656 2236 686 2284 et
715 2225 752 2284 de
772 2225 1093 2303 testinmamissione,
1113 2227 1188 2286 adeo
1203 2238 1234 2287 ut

151 2330 218 2388 veri
245 2329 386 2389 Eunuchi
418 2329 543 2405 fierent,
571 2329 760 2390 Mercurialis
789 2331 869 2408 (28);
893 2330 943 2390 cui
958 2330 1097 2390 assentiri
1113 2330 1235 2392 videtur

152 2434 318 2508 Pitschast,
351 2453 480 2511 eumque
509 2443 629 2492 secutus
654 2435 733 2494 doct.
765 2434 937 2494 Lilienhain
957 2435 1044 2515 (29);
1074 2436 1235 2495 recentiori

153 2537 235 2596 enim
248 2546 381 2614 tempore
404 2535 438 2595 in
450 2535 584 2615 Aegypto
604 2540 704 2598 tabern
721 2537 939 2614 testiculorum,
962 2559 1023 2616 qua
1040 2539 1078 2597 ad
1095 2541 1237 2605 volumen

155 2641 237 2700 sabae
255 2659 348 2717 usque
370 2659 408 2698 ex
430 2639 570 2718 atrophia
586 2640 820 2718 colliquescunt,
841 2642 994 2719 omnisque
1014 2643 1135 2702 veneris
1146 2645 1238 2703 libido

152 2745 287 2820 sleletur,
319 2763 427 2823 corpus
457 2743 641 2819 esnaciatur,
680 2744 830 2824 barbaque
863 2746 1031 2818 evanescit,
1067 2748 1239 2810 observavit

155 2850 285 2926 Larrey:
304 2868 397 2928 quare
417 2847 561 2908 Pitschast
581 2851 783 2926 quaestionem
804 2859 920 2920 movet,
945 2871 1046 2909 aunon
1058 2852 1237 2930 Scytharum

154 2958 265 3029 θήλεια
289 2963 396 3021 νοῦσος
424 2953 544 3012 morbus
575 2954 784 3013 testiculorum
813 2955 916 3015 suerit.
965 2956 1028 3015 Atii
1047 2957 1140 3016 fuisse
1169 2958 1238 3018 hae-

155 3058 387 3119 morrhoidalem
409 3060 563 3132 morbum,
595 3059 650 3117 alii
677 3079 778 3118 reram
803 3060 939 3119 virorum
960 3061 1238 3139 menstruationem,

155 3165 341 3225 contendunt
374 3162 453 3244 (30).
503 3166 565 3243 lpse
592 3164 799 3237 Rosenbaum,
830 3164 884 3242 qui
911 3163 1055 3242 plurimas
1073 3164 1130 3223 hac
1149 3164 1188 3223 de
1209 3184 1242 3224 re

161 3278 344 3286 ...m—a...-

188 3317 237 3372 (24)
253 3317 346 3358 Hauon.
361 3315 412 3356 Lib.
428 3315 448 3357 1.
463 3328 483 3356 c.
498 3311 547 3354 105.
629 3328 632 3334 ·

188 3395 236 3454 (25)
252 3397 363 3438 Ihraoon.
377 3396 404 3436 sle
415 3394 551 3442 aireslocis
565 3402 589 3436 et
603 3396 676 3449 aquis.
692 3409 715 3449 p.
731 3392 783 3437 293.
796 3394 830 3439 ad.
845 3395 911 3437 Fons.

189 3478 237 3539 (1(6)
252 3458 392 3532 Κὲὃμαῖα
400 3477 515 3520 nonnullis
527 3478 594 3519 etiarn
609 3483 662 3519 sunt
675 3476 869 3529 haemorrhb'ides3
884 3477 935 3520 aliis
948 3479 1075 3530 affectiones
1088 3478 1237 3534 genitalium,

157 3563 208 3604 aliis
221 3558 277 3612 (vsu
290 3561 496 3611 swssras,Comsn.
512 3561 532 3613 §.
548 3560 612 3604 1063.
628 3562 675 3604 111.
687 3560 751 3614 372.)
767 3560 878 3615 paralysis
891 3561 1045 3603 musculorum
1059 3567 1236 3605 sustentatorum

157 3645 235 3699 penis,
249 3644 304 3686 adeo
317 3649 344 3684 ut
357 3644 422 3686 nulla
435 3644 499 3686 lieret
513 3651 589 3699 postea
601 3644 696 3686 membri
709 3643 785 3685 virilis
798 3642 888 3685 martio.

190 3725 237 3788 (27)
254 3726 335 3770 Gesch.
349 3727 541 3780 derLustsenche
555 3727 606 3769 nna
621 3729 641 3769 I.
656 3743 679 3782 p.
694 3726 745 3769 211.

191 3807 238 3860 (28)
256 3808 417 3856 Mancnssssss
429 3808 507 3851 varias
520 3809 644 3852 Lectiones.
660 3809 712 3853 Lib.
727 3809 774 3851 111.
790 3823 811 3863 p.
827 3809 864 3851 ct.

189 3891 236 3946 (29)
254 3893 412 3935 llsrrocnsras
427 3893 513 3936 Wcrhe
528 3891 571 3943 (od.
592 3893 664 3946 laud.)
678 3893 743 3934 'l'om.
760 3892 779 3933 1.
797 3905 821 3945 p.
834 3889 886 3933 2⁰9.
904 3897 982 3933 annot.
996 3889 1018 3934 3.

189 3974 237 4030 (30)
254 3974 288 4016 De
303 3974 337 4016 his
351 3975 382 4018 cs.
398 3975 552 4024 Rosarussss,
566 3975 610 4017 Dic
622 3975 774 4024 Lustseurhe,
790 3989 812 4028 p.
831 3973 880 4016 142.
