2754 4710
587 492 792 552 ..gl-

145 651 236 729 hujus
247 650 318 709 libri
336 659 489 709 auctorem
507 670 556 709 eos
580 651 729 730 imprimis
751 651 900 723 refutare,
920 651 973 729 qni
992 650 1073 710 hunc
1091 651 1229 709 morbum

141 771 161 814 'a
192 753 256 814 Diis
280 753 425 834 originem
451 748 570 814 duxisse
599 753 758 833 perhibent
784 753 857 838 (2).
885 750 952 815 Non
972 755 1136 814 creditille
1158 776 1230 814 auc-

144 872 212 936 tor,
231 881 249 917 a
271 862 332 920 Deo
352 858 485 918 hominis
510 875 618 939 corpus
635 860 810 940 inquinari,
833 860 1072 940 impurissimum
1089 880 1107 917 a
1128 860 1230 938 puris-

142 968 237 1040 simo;
267 987 361 1044 quum
382 966 513 1024 maxima
533 974 563 1024 et
582 966 808 1026 sceleratissima
833 976 953 1046 peecata
975 969 1056 1025 Deus
1076 966 1179 1045 expiet
1199 976 1230 1023 et

144 1070 298 1151 purificet,
327 1071 483 1148 truclaque
508 1078 610 1128 nostra
636 1069 745 1128 existat
765 1068 832 1149 (3);
854 1070 1058 1160 reprobatque
1077 1089 1140 1139 eos,
1165 1069 1229 1147 qui,

144 1177 284 1236 morbum
312 1175 494 1234 comitialem
526 1173 778 1234 incantationibus
809 1185 839 1255 et
868 1174 1090 1254 expiationibus
1121 1194 1232 1232 curan·

144 1282 218 1340 dum
243 1300 324 1356 esse,
352 1279 466 1338 dicunt.
507 1279 619 1338 Eadem
648 1278 751 1357 opinio
779 1280 934 1358 profertur
962 1280 995 1338 in
1010 1277 1070 1336 fine
1091 1277 1172 1335 Libri
1194 1277 1230 1335 dc

147 1399 219 1446 aere
257 1385 332 1444 locis
366 1394 396 1443 et
425 1384 528 1465 aquic,
564 1382 616 1442 ubi
642 1382 823 1460 Scytharum
858 1382 1001 1457 morbus,
1029 1402 1091 1460 quo
1120 1379 1231 1440 evirati

146 1498 245 1564 erant,
263 1487 442 1546 describitur
464 1486 528 1570 (ἰῆς
553 1508 625 1546 nam
647 1488 717 1548 licet
737 1509 798 1548 non
816 1499 901 1569 neget
912 1489 1002 1566 hujus
1023 1487 1096 1547 libri
1115 1496 1230 1569 auctor,

147 1593 200 1673 qui
214 1593 305 1670 juxta
324 1591 470 1670 plurimos
490 1601 534 1650 est
550 1591 615 1670 ipse
625 1590 829 1670 Hippocrates,
854 1593 982 1668 morbos,
1002 1592 1048 1657 uti
1070 1601 1103 1673 et
1119 1591 1231 1664 omnia,

147 1716 222 1775 quae
253 1695 336 1753 nobis
364 1694 519 1769 accidant,
550 1716 568 1752 a
596 1694 657 1754 Deo
691 1697 766 1755 oriri
777 1744 786 1773 ,
820 1707 922 1756 tamen
949 1718 1064 1756 caussas
1082 1694 1232 1755 naturales

148 1801 237 1879 hujus
247 1800 428 1880 Scytharum
438 1801 535 1859 morbi
551 1801 665 1860 indicat
685 1812 715 1861 et
730 1802 877 1879 ostendit,
902 1803 1009 1861 salsam
1026 1821 1088 1863 esse
1112 1800 1232 1881 opinio-

147 1925 217 1964 nem
246 1925 369 1980 eorum,
397 1905 451 1984 qui
473 1915 599 1983 putent,
632 1907 716 1967 hunc
746 1908 921 1967 morbnma
946 1908 1009 1966 Diis
1028 1904 1155 1964 immitti
1172 1905 1231 1978 iis,

148 2011 202 2089 qui
229 2010 312 2068 inre
331 2010 432 2088 aliqua
448 2019 554 2068 contra
575 2011 654 2088 ipsos
669 2021 846 2090 peccassent.
888 2013 989 2090 Neque
1006 2032 1045 2070 ex
1063 2011 1136 2069 locis
1155 2009 1231 2068 cita·

147 2116 185 2175 tis
206 2115 318 2186 solum,
339 2133 488 2195 quaenam
516 2113 572 2173 bac
598 2113 635 2173 de
664 2135 697 2172 re
729 2115 822 2173 fuerit
838 2115 969 2173 auctoris
989 2114 1084 2194 ipsius
1104 2111 1230 2192 opinio,

149 2221 213 2281 sive
237 2220 264 2279 is
294 2220 357 2298 ipse
388 2219 599 2298 Hippocrates,
637 2220 701 2280 sive
730 2220 919 2295 Philotinus,
947 2221 1011 2279 sive
1026 2219 1102 2277 alius
1119 2217 1231 2292 fuerit,

148 2323 298 2384 conficere
325 2345 499 2402 possumus,
530 2325 579 2384 sed
600 2346 639 2385 ex
659 2325 697 2385 iis
714 2325 805 2384 etiam
825 2324 942 2404 aliquid
962 2324 1000 2382 de
1020 2322 1155 2397 Graecis,
1178 2321 1233 2400 qui

147 2440 221 2489 tunc
231 2429 372 2508 temporis
394 2429 555 2506 vivebant,
568 2440 696 2490 statuere
714 2430 795 2489 licet.
837 2431 937 2504 Quum
960 2428 1042 2487 enim
1063 2427 1145 2488 dicat
1161 2445 1234 2484 auc-

149 2544 217 2612 tor,
254 2534 309 2594 sibi
337 2535 391 2594 bos
421 2536 538 2594 morbos
568 2537 691 2596 cacteris
720 2537 859 2597 omnibus
877 2536 957 2595 nihil
974 2535 1109 2595 divinius
1124 2533 1232 2593 habere

148 2639 266 2714 videri,
297 2638 450 2716 febresque
480 2639 691 2717 quotidianas,
720 2641 863 2700 tertianas
890 2649 921 2699 et
947 2648 1110 2720 quartanas
1138 2655 1232 2716 aeque

148 2765 248 2804 sacras
264 2762 343 2816 esse,
364 2743 555 2821 perspicuum
579 2754 623 2802 est
634 2790 644 2819 ,
666 2745 703 2802 ab
723 2743 895 2822 aequalibus
914 2764 1010 2822 neque
1036 2744 1090 2803 has
1116 2742 1229 2813 febres,

147 2865 247 2926 neque
267 2828 397 2903 caeteros
416 2846 518 2903 omnes'
533 2846 651 2904 morbos
672 2850 736 2905 Deo
752 2849 845 2907 alicui
861 2849 1024 2928 adscriptos
1042 2867 1113 2907 esse.
1150 2848 1233 2906 Mor-

148 2955 222 3011 bum
249 2968 323 3008 vero
348 2948 529 3008 comitialem
550 2969 611 3007 non
633 2950 710 3026 uni,
728 2951 778 3009 sed
796 2952 932 3029 pluribus
952 2951 1156 3010 attribuerunt
1176 2969 1234 3006 nu-

149 3053 293 3133 minibus.
333 3053 382 3112 rSi
407 3051 489 3110 enim
521 3052 652 3111 balatum
683 3053 806 3112 ederent
831 3052 958 3134 aegroti,
980 3054 1177 3132 dextramque
1200 3051 1234 3109 in

150 3169 268 3242 partem
289 3157 553 3234 conveherentur,
572 3160 697 3218 Deorum
715 3168 842 3217 matrem
865 3162 899 3219 in
918 3182 1019 3219 camsa
1037 3178 1097 3218 esse
1122 3177 1234 3216 assere-

151 3266 240 3340 bant;
271 3265 297 3323 si
330 3262 404 3322 uero
435 3263 600 3323 acutiorem
638 3272 669 3322 et
697 3263 954 3324 vehementiorem
987 3284 1097 3325 vocem,
1134 3262 1235 3326 ederet

156 3512 160 3521 ‘
182 3506 215 3562 (2)
240 3503 588 3551 HirrocnsrasWerke,tibers.
602 3516 647 3544 von
659 3503 746 3546 Gnrxrr
761 3503 805 3544 mit
811 3501 921 3546 Anmerlr.
929 3517 975 3544 rou
989 3503 1234 3560 harsuua1r‚Glogau

154 3589 218 3634 1838.
231 3588 290 3630 End.
305 3588 339 3629 11.
354 3601 378 3641 p.
393 3584 445 3629 201.
526 3605 529 3613 ·

181 3692 216 3751 (3)
231 3693 345 3736 unroco.
358 3690 385 3731 de
397 3690 476 3731 morbo
488 3703 567 3739 sacro,
580 3703 604 3745 p.
620 3688 672 3732 303.
687 3685 731 3739 (ed.
747 3687 836 3745 Pomp:
852 3667 913 3726 boi}
935 3669 1037 3743 μέντοι
1057 3670 1142 3750 ἔγωγε
1161 3660 1234 3735 ἀξιῶ

137 3752 210 3834 ¹iuni
230 3781 306 3833 Θεοῦ
330 3773 486 3849 ἀνθρώπου
507 3775 590 3847 σῶμα
608 3775 798 3847 μιαίνεσθαι,
817 3773 851 3830 τὸ
873 3772 1089 3850 ὖποκηρότατον
1110 3775 1166 3833 ὑπὸ
1178 3783 1231 3833 τοῦ

157 3881 316 3960 ripuariam}
333 3909 374 3920 —
395 3879 430 3934 τὰ
446 3882 515 3955 γοῦν
536 3877 661 3954 μέγιστα
676 3879 733 3934 τῶν
753 3878 964 3954 ἁμαρτήματων
983 3885 1032 3938 καὶ
1051 3881 1234 3939 decolorato

159 3986 190 4044 τὸ
212 3990 297 4054 Ocior
316 3985 382 4042 ἐστι
402 3982 435 4039 τὸ
457 3986 602 4058 καθαῖρον
623 3985 672 4038 καὶ
693 3982 781 4058 ἔρυμα
799 3991 953 4061 γενόμενον
971 3983 1070 4060 ibib„

183 4087 219 4142 (Ι)
233 4086 345 4130 Hmocu.
359 4083 393 4128 eti.
404 4083 472 4127 fois.
487 4097 511 4141 p.
525 4083 576 4130 2⁹³.

1093 4171 1112 4228 6
