2724 4702
584 428 804 489 -157-

87 639 91 691 Ι
178 576 225 638 rino
240 585 394 667 laborasse,
422 599 578 668 propterea
598 590 676 666 quod
696 588 922 647 matrimonium
942 589 1020 648 inire
1040 603 1229 652 recusassent.

87 660 111 771 ,m
177 677 234 760 SM,
261 696 302 753 uti
327 695 390 772 jam
418 692 502 765 dixi,
535 713 573 751 ex
590 693 727 768 omnibus
749 692 921 751 auctoribus
940 693 1018 753 illud
1039 697 1229 755 manifestum

87 867 97 891 ,
177 793 224 861 ‘lb
249 815 296 874 per
323 818 407 858 sacra
429 808 459 855 et
489 798 681 858 lustrationes
698 798 873 876 praesertim
891 798 1058 857 sanationes
1076 821 1143 858 suas
1162 822 1230 879 per-

87 896 90 989 ζ
173 880 255 957 secisse
281 900 491 980 Melampodem
507 901 666 961 credidisse
683 909 808 959 veteres.
850 901 897 960 An
913 911 1029 980 praeter
1046 902 1120 960 haee
1137 905 1229 962 etiam

169 983 225 1054 ³55⁸
247 1004 425 1064 naturatibus
451 1003 591 1062 remediis
616 1006 655 1063 sit
692 1026 777 1076 usus,
809 1026 864 1083 pro
894 1016 974 1065 certo
1002 1007 1150 1065 affirmare
1167 1029 1230 1067 non

162 1099 264 1167 amim:
295 1110 332 1168 ad
355 1109 585 1169 melancholiam
606 1110 727 1188 quidem
748 1110 953 1170 Proetidarum
972 1110 1110 1170 morbum
1126 1131 1229 1169 recen-

87 1232 91 1271 .·
159 1189 246 1302 ll⁰res
270 1223 471 1283 revocarunt,
503 1235 595 1294 quam
623 1214 772 1273 Hellebori
798 1235 854 1293 ope
880 1216 1032 1275 sustulisse
1067 1216 1231 1294 Melampus

87 1298 90 1305 ¹
150 1287 300 1374 ‘heebatur
321 1315 407 1397 (19):
439 1337 529 1394 quam
559 1317 596 1373 ob
626 1336 689 1374 rem
710 1318 808 1396 ipsum
832 1317 1023 1376 Helleborum
1041 1338 1149 1377 nomen
1172 1320 1232 1378 Me-

146 1387 295 1496 llllIapodii
311 1417 456 1496 accepisse
473 1418 526 1476 alii
544 1418 687 1480 dixerunt
699 1422 775 1503 (20).
817 1423 875 1482 Sed
897 1423 980 1499 haec,
1003 1423 1072 1483 licet
1087 1423 1231 1502 fieriqui-

138 1489 221 1580 len,
234 1523 387 1602 potuerit,
409 1531 445 1580 ut
458 1522 548 1580 talem
571 1523 738 1604 Melampus
752 1525 925 1585 adhibuerit
956 1527 1154 1603 medicinam,
1184 1541 1231 1588 ta-

135 1613 222 1685 men
248 1628 284 1685 ad
317 1628 501 1705 conjecturas
532 1630 702 1706 pertinent,
738 1627 838 1706 quales
871 1629 1015 1708 plurimas
1044 1631 1090 1706 ii,
1121 1631 1231 1713 quide

130 1706 258 1790 plv'antis
276 1731 479 1810 scripserunt,
501 1731 535 1789 in
552 1732 686 1791 medium
707 1732 911 1810 protulerunt,
938 1742 972 1790 ut
989 1734 1135 1812 originem
1155 1758 1232 1795 non-

134 1826 306 1896 nullarum
339 1836 500 1895 herbarum
525 1838 685 1895 numinum
712 1855 751 1895 ex
773 1836 837 1913 ipsu
857 1835 1037 1915 mythologie
1054 1838 1232 1898 indicarent.

146 1918 339 2001 Buscorides
369 1951 400 2000 et
430 1941 549 2000 Plinius
576 1953 676 2002 autem
705 1961 766 2000 non
800 1939 836 1997 de
865 1939 1049 2018 Melampode
1066 1952 1134 1999 rate
1152 1942 1232 2021 cogi-

140 2038 222 2107 t&ase
249 2047 413 2121 videntur,
436 2069 530 2127 quum
552 2046 588 2104 de
610 2065 768 2122 caprarum
793 2053 910 2122 pastore
927 2045 1048 2102 nomine
1068 2045 1232 2123 Melampo-

138 2137 195 2209 slis
223 2150 406 2230 loquantur,
441 2150 496 2227 qui
519 2170 611 2228 quum
631 2149 781 2208 Hellebori
801 2168 856 2227 ope
876 2169 977 2226 capras
999 2149 1120 2229 purgari
1136 2149 1232 2208 vidis·

137 2263 192 2312 aet
203 2300 212 2330 ,
232 2253 336 2312 eodem
363 2253 492 2311 remedio
510 2274 578 2311 usus
600 2253 709 2323 luerit,
733 2263 768 2311 ut
793 2250 944 2311 Proetidas
964 2252 1064 2338 surore
1083 2253 1233 2325 liberaret.

657 2464 671 2540 ς
693 2464 740 2522 21.

193 2667 277 2743 Quod
307 2676 406 2725 autem
437 2668 474 2723 ad
506 2666 688 2744 Chironem,
710 2669 856 2726 illustrem
875 2669 960 2727 illum
982 2668 1108 2729 heroum
1129 2671 1236 2730 educa-

153 2780 262 2841 torem,
300 2770 428 2844 attinet,
460 2770 607 2849 quomodo
633 2769 683 2828 hio
703 2769 883 2828 medicinam
909 2772 1095 2843 exercuerit,
1118 2792 1155 2831 ex
1178 2775 1216 2832 iis
1224 2819 1233 2849 ,

152 2894 226 2953 quae
254 2873 292 2932 de
313 2892 349 2930 eo
374 2872 555 2943 traduntur,
578 2893 632 2950 pro
652 2879 734 2929 certo
755 2871 877 2951 quidem
898 2874 1090 2949 pronuntiari
1110 2875 1234 2952 nequit,

154 2978 202 3036 sed
226 2998 296 3036 eum
328 2975 449 3034 eandem
473 2995 527 3054 per
542 2996 624 3034 sacra
642 2984 672 3032 et
689 2973 882 3032 lustrationes
900 2974 1024 3050 secisse,
1047 2976 1237 3054 quemadmo-

155 3085 224 3142 dum
252 3082 329 3155 alii,
353 3080 490 3160 quiante
508 3100 578 3138 enm
599 3081 764 3152 vixerunt,
785 3076 909 3148 medici,
934 3097 1004 3135 cum
1021 3077 1149 3156 quadam
1169 3080 1238 3137 veri

156 3188 249 3268 specie
273 3185 417 3247 conficere
438 3185 519 3245 licet.
560 3183 644 3243 Dicit
663 3183 744 3241 enim
762 3191 867 3240 auctor
896 3180 1139 3240 Titanomachiae
1157 3183 1238 3260 apud

160 3293 342 3353 Clementem
363 3287 605 3349 Alexandrinum
629 3288 706 3369 (21),
729 3285 888 3348 Chironem
909 3285 1041 3365 primum
1062 3285 1239 3345 universum
1326 3278 1334 3295 '

159 3396 332 3455 mortalium
369 3414 460 3472 genus
485 3393 522 3450 ad
545 3392 695 3469 justitiam
722 3391 842 3450 duxisse
875 3389 1013 3448 indicatis
1040 3389 1240 3467 jurisjurandi

159 3499 309 3568 formulis,
335 3499 469 3556 Deorum
489 3497 573 3555 laetis
589 3494 740 3556 sacrificiis
749 3504 779 3553 et
789 3493 863 3552 coeli
877 3493 1000 3572 figuris3
1024 3493 1128 3553 heroes
1138 3515 1239 3573 porro,

156 3623 227 3681 quos
246 3601 395 3676 educavit,
419 3623 481 3660 non
499 3601 594 3662 solum
614 3590 792 3660 medieinam
811 3597 950 3673 docebat,
969 3597 1020 3656 sed
1032 3598 1122 3659 etiam
1133 3590 1239 3658 eorum

156 3753 383 3768 *Q*

189 3843 237 3901 (19)
255 3843 348 3885 Girsu.
371 3842 397 3882 de
411 3847 461 3882 atra
475 3840 521 3881 bilo
536 3853 585 3896 rap.
606 3842 666 3887 vn.
680 3857 705 3898 p.
719 3843 756 3886 37.
772 3843 804 3885 E.
821 3842 893 3884 class.
910 3842 931 3886 l.
946 3843 988 3887 Ed.
1003 3846 1040 3888 92.
1054 3859 1091 3903 ap.
1107 3847 1171 3890 Junt.

192 3924 241 3980 (20)
258 3926 328 3967 Pam.
349 3924 427 3969 XXV.
447 3919 469 3964 5.
484 3922 592 3965 Dioscoa,
608 3923 652 3970 lv.
671 3939 692 3968 e.
712 3923 750 3967 51.
993 3976 998 3985 ·

192 4010 241 4067 (21)
260 4012 337 4053 earu.
353 4011 432 4051 Am.
449 4007 532 4048 strom.
547 4008 598 4049 Lib.
615 4008 635 4052 1.
650 4021 670 4049 c.
688 4004 723 4050 15.
738 4022 761 4062 p.
777 4004 829 4048 36⁰.
843 4005 875 4048 al.
892 4003 942 4049 132.
