2754 4710
571 496 792 556 -170-

148 653 353 714 tantummodo
364 701 372 730 ,
401 676 476 736 qnae
501 656 625 715 arctiori
645 657 772 717 vinculo
789 677 858 718 oum
878 656 942 735 ipsa
961 655 1124 727 medicina,
1147 674 1206 733 qus·

145 761 183 818 lis
205 761 238 818 in
265 762 383 840 templis
414 763 625 838 exercebatur,
654 771 740 820 eraut
761 763 928 836 coniuncta.
970 759 1103 820 Sufficiat
1130 759 1209 838 igitur

146 867 307 939 indicasse,
328 867 361 924 in
378 869 528 948 plerisque
545 869 676 928 nummis
698 876 727 925 et
749 865 949 924 monumentis
969 868 1069 924 Deum
1090 875 1208 924 nostrum

146 971 254 1030 offendi
279 975 371 1053 effigie
398 975 476 1034 senis
513 974 627 1032 barbati
651 993 719 1031 cum
747 991 843 1051 angue
863 969 968 1030 baculo
982 969 1033 1029 vel
1047 969 1145 1027 arbori
1163 969 1211 1026 cir·

145 1076 286 1135 cumdato
319 1076 403 1158 (73):
438 1078 582 1157 Epidauri
613 1078 647 1138 in
680 1078 755 1136 solio
784 1077 902 1136 sedebat
922 1075 1083 1154 scipionem
1101 1083 1212 1148 tenens,

145 1183 237 1242 altera
270 1204 362 1243 mann
389 1185 525 1244 draconis
556 1194 647 1264 caput
679 1192 830 1261 premente
855 1178 939 1261 (7b):
962 1178 1118 1239 Tithoreae
1134 1177 1214 1234 etiam

144 1287 182 1344 ad
208 1287 349 1346 dextrum
369 1288 432 1365 ejus
451 1289 530 1347 latus
549 1299 613 1347 erat
635 1288 728 1347 lectus
745 1287 904 1346 collocatus
924 1283 1006 1366 (75):
1028 1282 1120 1362 capiti
1141 1300 1217 1360 saepe

144 1387 245 1446 laurea
275 1400 352 1450 serta
382 1401 447 1450 erat
471 1392 626 1470 imposita,
652 1392 697 1451 val
715 1412 824 1451 corona
845 1389 977 1449 radiata:
1004 1387 1041 1445 ad
1058 1387 1144 1466 pedes
1160 1393 1218 1444 erat

144 1491 237 1567 gallus
250 1538 259 1567 ,
290 1493 340 1551 vel
364 1495 455 1552 etiam
475 1506 583 1555 noctua
604 1495 681 1577 (76).
723 1495 874 1554 Interdum
891 1503 991 1551 tamen
1009 1490 1100 1549 etiam
1117 1491 1219 1548 imber-

145 1595 188 1652 bis
207 1604 237 1652 et
256 1604 401 1673 tanquam
423 1618 498 1676 puer
515 1599 722 1677 effingebatur,
739 1601 785 1657 uti
805 1597 945 1657 Corinthi
965 1595 1050 1677 (77),
1073 1595 1111 1653 ad
1127 1594 1218 1654 Ladon

145 1695 273 1755 flurium
292 1697 359 1777 (78)
379 1710 409 1759 et
429 1702 604 1782 Megalopoli
623 1703 701 1784 (79).
743 1703 790 1761 Ad
806 1700 1042 1760 constantissima
1059 1697 1219 1777 Aesculapii

49 1782 52 1787 ’
144 1802 277 1879 symbola
307 1823 417 1884 angues
442 1807 613 1885 pertinent,
641 1828 734 1886 quos,
762 1826 856 1885 quum
875 1806 908 1864 in
928 1802 1074 1862 medicina
1092 1801 1218 1880 Asclepi-

143 1907 234 1968 adnm
251 1930 370 1990 magnas
391 1921 489 1990 partes
507 1923 644 1993 agerent.
668 1911 786 1972 silentio
804 1911 967 1989 praeterire
983 1927 1111 1986 nequeo.
1149 1907 1216 1966 Tam

141 2021 224 2071 arcta
251 2023 316 2072 erat
344 2016 530 2076 necessitudo
554 2019 635 2079 inter
663 2017 829 2098 Aesculapii
857 2018 974 2077 cultum
1006 2025 1037 2074 et
1057 2024 1214 2095 serpentes,

144 2125 195 2189 ut,
228 2115 373 2196 siquando
402 2121 439 2179 ad
466 2122 541 2182 alios
561 2125 639 2183 locos
660 2124 793 2184 colonias
813 2122 969 2180 mitterent
989 2117 1170 2191 sacerdotes,
1190 2125 1217 2174 ut

145 2219 188 2277 ibi
217 2222 368 2302 Asclepiea
395 2224 576 2304 fundarent,
597 2227 764 2306 symbolum
785 2228 862 2287 illud
882 2245 996 2304 semper
1015 2243 1114 2283 secum
1135 2223 1215 2282 duoe-

145 2337 223 2387 rent.
274 2329 325 2388 Sic
354 2329 524 2409 Epidaurus
557 2332 675 2391 Limera
716 2330 947 2411 Epidauriorum
989 2336 1053 2387 erat
1093 2324 1214 2397 colonia;

145 2450 276 2509 quornm
304 2432 395 2510 legati
422 2455 517 2514 quum
547 2436 585 2494 ad
613 2437 693 2496 Cobn
724 2434 853 2492 insulam
882 2432 966 2490 missi
995 2431 1033 2489 ad
1052 2431 1138 2489 1llam
1158 2428 1212 2509 agri

145 2535 286 2595 Laconici
315 2555 398 2595 oram
424 2539 628 2617 appulissent,
658 2537 779 2598 somniis
806 2535 979 2614 quibusdam
1000 2535 1110 2605 moniti
1129 2533 1213 2593 sedem

146 2657 180 2694 eo
200 2637 234 2695 in
254 2638 321 2699 loco
341 2649 527 2718 statuerunt3
550 2643 657 2721 anguis
677 2653 794 2714 autem,
828 2659 916 2719 quem
945 2658 1045 2698 secum
1075 2637 1213 2718 Epidauro

144 2741 343 2819 abduxerant,
366 2765 382 2802 e
405 2746 476 2806 navi
494 2747 606 2826 elapsus
620 2769 680 2808 non
700 2747 807 2828 procul
828 2768 845 2804 a
866 2746 943 2805 rnari
963 2766 994 2805 sa
1012 2746 1047 2804 iu
1066 2759 1211 2804 cavernam

144 2846 323 2908 demersisse·
346 2849 513 2910 dicebatur:
537 2874 629 2932 quare
649 2864 679 2913 et
705 2854 761 2912 hoc
789 2853 922 2932 prodigio
950 2861 980 2910 et
1004 2850 1068 2928 iis,
1092 2847 1211 2930 quaein

144 2953 266 3011 somniis
286 2954 444 3029 viderant,
466 2956 607 3033 adducti,
625 2958 668 3016 ibi
685 2957 882 3016 constiterunt
900 2955 989 3034 legati
1008 2954 1088 3035 (80).
1119 2953 1211 3014 Mirm

144 3058 191 3116 in.
206 3059 328 3118 modum
360 3060 434 3120 haec
456 3065 590 3121 narratio
611 3063 753 3122 convenit
773 3081 840 3118 curn
860 3061 917 3134 iis,
940 3078 1016 3138 quae
1036 3057 1210 3123 duratione,

150 3180 209 3239 qua
234 3165 368 3242 primum
397 3166 566 3246 Aesculapii
584 3168 682 3225 cultus
701 3164 827 3222 Romam
843 3172 886 3221 est
902 3162 1024 3233 allatus,
1051 3167 1210 3221 narrantur·

145 3263 248 3335 Quum
279 3267 357 3327 enim
388 3268 496 3328 civitas
529 3271 612 3349 gravi
643 3267 811 3350 pestilentia
841 3265 1005 3341 laboraret,
1038 3264 1210 3343 Epidaurum
1238 3320 1243 3329 ,

145 3368 233 3446 legati
255 3371 448 3448 summissi,
473 3373 528 3451 qui
549 3393 695 3451 anguem,
719 3372 773 3452 qui
799 3391 828 3430 se
846 3370 880 3427 in
900 3389 1005 3428 navem
1030 3387 1134 3426 eorum
1152 3379 1211 3424 con·

147 3471 276 3548 tulerat,
307 3473 341 3531 in
364 3493 424 3552 quo
449 3476 548 3554 ipsum
578 3496 691 3535 numen
720 3496 781 3535 esse
809 3474 978 3544 constabat,
1012 3472 1209 3551 deportaverat

145 3595 236 3653 eoque
270 3577 304 3634 in
332 3578 461 3638 insulam
489 3564 602 3640 Tiberis
627 3599 759 3658 egresso,
787 3577 891 3637 eodem
919 3576 987 3636 loco
1007 3575 1092 3634 aedes
1116 3575 1214 3633 aescae

144 3704 372 3720 ——-———n

175 3750 223 3807 (73)
240 3752 395 3795 Monrraucou
411 3751 551 3806 L'antiquitd
565 3751 688 3807 expliqude.
704 3754 733 3794 T.
750 3753 769 3794 l.
786 3753 813 3795 P.
831 3751 851 3794 1.
865 3750 911 3792 tab.
929 3748 984 3799 185,
1002 3750 1057 3801 186,
1081 3751 1130 3794 187.

174 3833 222 3887 (74)
238 3835 306 3877 Paua.
322 3836 358 3878 11.
372 3835 408 3877 27.
924 3831 971 3887 (75)
990 3833 1061 3877 Idem.
1082 3834 1113 3876 X.
1128 3831 1163 3875 32.

174 3917 222 3972 (76)
240 3917 570 3972 Aarsrrn.0rat.v01.1.p.
592 3917 643 3961 497.
663 3917 827 3977 Mourrsusor.
849 3917 864 3957 l.
881 3931 900 3960 c.
916 3917 945 3958 T.
961 3917 982 3959 1.
998 3918 1025 3960 P.
1048 3897 1071 3961 2ss
1090 3931 1113 3971 1».
1132 3915 1211 3958 mur.

148 4000 192 4041 tab.
210 3997 258 4040 187.
277 3997 320 4039 Νο.
336 3999 358 4039 3.
962 3998 1010 4054 (77)
1026 4000 1094 4043 Paua.
1108 4001 1141 4042 II.
1157 3995 1187 4039 10.

176 4081 223 4135 (78)
240 4082 309 4124 Idem.
325 4081 396 4126 VIII.
419 4080 454 4125 25.
554 4082 601 4137 (79)
618 4081 826 4128 laem.v111.32.
939 4081 988 4137 (80)
1004 4083 1074 4126 Idem.
1096 4082 1141 4125 111.
1156 4077 1188 4120 23.
