2754 4710
652 501 691 514 ...
733 450 852 528 70'..

208 629 318 719 rientia
346 627 572 708 comprobatum
603 628 682 708 apud
713 649 765 688 uos
797 638 878 688 certe
907 636 1016 687 aestate
1035 602 1219 687 diarrllbeae
1242 626 1303 686 sre-

210 731 401 812 quentiores,
427 752 519 810 quam
557 731 655 791 hieme
684 743 766 791 sunt.
809 731 957 810 Equidem
978 752 1038 790 non
1057 732 1155 802 credo,
1163 731 1307 811 ’,1111611-

211 849 256 897 tas
286 847 359 897 tunc
386 839 529 918 temporis
559 838 632 896 adeo
657 834 770 895 debiles
800 833 908 910 luisse,
931 845 965 894 ut
992 854 1113 894 carnem
1130 835 1305 914 leporinam

208 941 342 1021 digerere
370 963 432 1000 non
464 950 601 1022 possent3
629 938 757 1019 ideoque
774 936 864 1015 hujus
884 938 955 1018 legis
975 937 1162 998 diaeteticam
1183 938 1307 998 utilita-

210 1056 271 1104 tem
300 1067 362 1104 non
387 1043 589 1124 magnifacio.
643 1042 728 1102 Nunc
753 1041 789 1100 de
810 1042 909 1102 carnis
925 1041 1032 1101 suillae
1050 1041 1235 1101 abstinentia
1256 1041 1307 1100 vi-

210 1149 342 1209 deamus.
384 1147 536 1227 Aegyptiis
564 1146 655 1206 etiam
684 1167 733 1205 sus
759 1155 825 1205 erat
849 1145 1001 1204 sordidum
1025 1144 1138 1203 animal
1168 1143 1267 1226 (21),
1290 1166 1308 1202 a

211 1252 298 1329 cujus
324 1271 414 1310 carne
443 1249 650 1308 abstinuerunt
679 1246 766 1328 (25);
795 1249 890 1327 igitur
910 1269 974 1306 uon
994 1248 1090 1307 solum
1113 1247 1247 1307 Hebraei
1269 1249 1305 1307 in

211 1356 260 1416 his
286 1353 389 1414 calidis
411 1353 580 1432 regionibus
608 1353 648 1411 ab
673 1351 730 1412 hac
750 1372 839 1411 carne
857 1345 1053 1410 abstinebunt.
1094 1349 1168 1411 Fere
1187 1372 1305 1417 ornnes.
1373 1380 1376 1387 ·

211 1459 265 1538 qui
294 1458 330 1515 de
358 1476 463 1515 eorum
488 1455 599 1515 morbis
625 1456 837 1535 scripserunt,
861 1455 953 1532 hujus
979 1453 1196 1513 abstinentiam
1222 1455 1307 1514 banc

212 1562 350 1621 habuisse
378 1560 558 1636 utilitatem,
580 1569 616 1621 ut
633 1581 651 1617 u
669 1560 755 1638 lepre
779 1559 928 1619 immunes
952 1568 1146 1619 servarentur
1175 1557 1308 1634 iudaei,

211 1664 372 1745 perhibent
390 1662 467 1745 (26).
512 1664 579 1723 Jarn
598 1662 776 1723 Plutarchus
798 1672 912 1722 metum
933 1662 1033 1741 leprae
1050 1681 1182 1720 caussam
1205 1660 1305 1736 dicit,

213 1789 268 1828 our
289 1753 428 1828 carnibus
447 1767 545 1826 suillis
562 1767 746 1826 abstinerent
758 1764 882 1840 Judaei;
906 1786 1026 1825 omnem
1045 1766 1136 1839 eninr
1149 1785 1234 1824 suem
1254 1767 1308 1825 sub

213 1881 320 1932 ventre
349 1870 413 1930 sere
440 1890 557 1948 semper
583 1871 667 1949 lepra
692 1880 722 1928 et
741 1867 961 1928 efflorescentiis
977 1889 1038 1927 esse
1052 1869 1195 1928 refertam
1217 1869 1308 1951 (27);

214 1996 310 2055 quare
329 1985 359 2034 et
379 1973 564 2034 Mercurialis
591 1973 744 2033 Plutarchi
762 1973 940 2033 auctoritate
958 1972 1090 2031 munitus
1130 1972 1228 2047 dicit,
1251 1974 1309 2032 Ju-

213 2078 299 2138 daeos
325 2078 363 2136 ob
394 2076 552 2136 sanitatem
580 2076 702 2156 potius,
726 2098 819 2156 quam
837 2076 874 2134 ob
892 2073 1133 2154 superstitionem
1156 2095 1222 2132 nou
1239 2095 1309 2135 ves-

213 2183 343 2241 cicarne
373 2180 462 2239 suilla
501 2178 579 2258 (28).
622 2179 727 2259 Neque
759 2181 829 2259 quis
853 2189 988 2236 nostrum
1006 2178 1140 2256 negabit,
1174 2184 1302 2239 carnmr

214 2285 333 2344 suillam
361 2282 476 2361 digestu
500 2302 561 2341 esse
576 2303 699 2361 gravem
720 2293 749 2340 et
768 2285 800 2341 in
818 2282 876 2354 iis,
899 2282 951 2359 qui
970 2282 1006 2339 ad
1024 2278 1142 2338 morbos
1163 2291 1309 2342 cotaneos

212 2386 273 2445 sint
302 2383 528 2464 praedispositi,
545 2405 594 2443 eos
612 2385 700 2443 facile
724 2405 917 2464 promovere3
940 2405 1016 2462 quae
1033 2384 1190 2463 dispositio
1207 2406 1307 2465 quum

214 2489 247 2546 in
271 2486 375 2546 calidis
395 2486 564 2565 regionibus
582 2488 621 2546 sit
641 2478 755 2563 major}
780 2487 869 2565 bujus
885 2487 982 2546 carnis
1003 2507 1068 2546 esus
1083 2487 1125 2545 ibi
1144 2488 1183 2546 ad
1192 2493 1308 2552 multos

215 2591 333 2649 morbos
367 2589 621 2649 exanthematicos
637 2611 739 2650 ansam
758 2589 829 2648 dare
850 2589 950 2663 debet,
976 2611 1068 2670 quare
1086 2599 1117 2648 et
1142 2592 1307 2656 Mubame-

214 2695 269 2753 dus
287 2692 481 2752 sectatoribus
500 2693 617 2766 vetuit,
644 2690 748 2752 ncilla
768 2704 959 2754 vescerentur
988 2694 1068 2777 (29)·
1106 2694 1154 2754 Ex
1177 2703 1313 2760 recenti·

215 2798 316 2858 oribus
336 2795 486 2876 impriuiis
503 2795 619 2874 Larrey
635 2797 750 2876 lepram
771 2799 835 2858 esui
855 2799 952 2858 carnis
972 2799 1078 2858 suillae
1091 2800 1216 2876 tribuit;
1242 2825 1311 2864 cre·

216 2903 262 2962 dit
280 2902 379 2972 enirn,
404 2899 632 2959 Franco-Gallos
650 2901 684 2960 in
705 2898 895 2982 expeditione
914 2903 1090 2984 Aegyptiace
1111 2925 1178 2963 earn
1196 2907 1312 2968 obrem

213 3019 277 3066 tam
303 3005 476 3083 frequenter
504 3005 587 3083 lepra
619 3005 735 3066 affectos
764 3005 872 3082 inisse,
906 3008 980 3086 quia
1006 3007 1117 3066 in'his
1132 3009 1310 3088 regionibus

216 3110 290 3170 haec
310 3129 379 3167 caro
397 3106 470 3166 adeo
491 3107 652 3167 insalubris
668 3119 733 3168 erat
748 3119 872 3168 naturae
893 3109 980 3188 (30);
1001 3130 1061 3187 qua
1081 3132 1151 3168 oum
1168 3112 1315 3176 observa-

222 3213 411 3229 -n——--¹

245 3261 293 3314 (tt)
309 3259 394 3302 Herod.
410 3258 445 3301 11.
458 3271 478 3299 c.
494 3257 530 3301 47.
686 3256 732 3312 (25)
750 3258 843 3301 Josnru.
859 3264 932 3301 contr.
947 3259 1067 3313 Apionsns.
1083 3259 1187 3316 Libtlt.
1202 3277 1222 3306 c.
1244 3265 1283 3308 13.

249 3340 297 3395 (26)
314 3337 506 3386 Bsuruou1s1,l.
521 3353 541 3380 c.
558 3353 581 3392 p.
597 3337 634 3383 55.
649 3340 748 3388 liunus,
764 3339 781 3382 1.
796 3354 816 3382 c.
834 3355 857 3395 p.
873 3343 895 3382 8.
912 3364 941 3372 -
956 3341 1043 3389 Maro,
1058 3341 1076 3383 l.
1092 3354 1111 3384 c.
1128 3357 1151 3397 p.
1159 3345 1183 3387 9.
1200 3344 1247 3386 Hic
1258 3361 1313 3402 prae

219 3420 407 3476 coeterispopulis
427 3419 565 3461 ludaeorum
577 3418 648 3460 foedis
662 3419 686 3461 in
700 3417 788 3464 suimus
801 3422 859 3476 pelle
878 3422 1057 3465 alterationibus
1076 3423 1105 3464 ab
1120 3424 1255 3469 omnimo
1271 3443 1314 3486 pa-

220 3504 289 3545 tuisse
297 3514 406 3556 corpora,
420 3500 510 3541 credere
528 3499 620 3541 ridetur
628 3516 634 3549 ;
650 3499 750 3555 dicitque
765 3501 863 3543 eruditos
879 3509 973 3556 putare,
986 3502 1016 3544 iis
1035 3502 1091 3545 hanc
1104 3504 1132 3544 ob
1144 3517 1249 3549 caussm
1262 3501 1315 3552 ear·

219 3585 254 3626 nis
262 3582 342 3626 suillae
355 3594 417 3624 esum
430 3581 500 3623 luisse
513 3580 668 3629 interdictum,
682 3581 766 3637 quippe
779 3596 836 3637 quae
848 3596 949 3626 crassum
961 3590 984 3625 et
995 3597 1059 3640 aegre
1073 3585 1222 3640 perspirabile
1236 3591 1314 3632 nutri·

219 3670 320 3707 mentum
328 3661 432 3718 sanguini
441 3662 631 3711 subministrans,
645 3660 754 3716 ejusmodi
765 3662 866 3718 eorporis
883 3663 1082 3707 constitutionibus
1095 3666 1188 3709 minime
1196 3671 1316 3715 convenit.

254 3744 301 3801 (27)
319 3746 450 3788 recursui.
467 3741 795 3807 lv.s5mpos.1³r0b1em.·5.
812 3758 834 3798 p.
851 3744 902 3787 669.

253 3825 301 3880 (28)
318 3826 480 3875 disseruistis
492 3838 542 3866 var.
557 3825 620 3867 Lect.
634 3839 654 3869 c.
670 3826 691 3867 6.
937 3824 984 3878 (29)
1002 3827 1058 3868 Mos.
1075 3825 1141 3882 ngt.
1157 3822 1203 3872 lv.
1216 3843 1241 3884 p.
1258 3831 1312 3876 202,

251 3909 299 3960 (250)
317 3908 430 3955 Lunnar,
447 3905 552 3947 Relation
566 3906 716 3962 chirurgicule
734 3907 760 3948 ds
773 3887 873 3948 l'slrmris
894 3906 920 3947 de
934 3907 1040 3950 l’Orient.
1058 3909 1109 3949 svo.
1129 3909 1220 3959 Poris,
1240 3912 1311 3959 16114.

223 3991 260 4033 Cl'.
274 3987 355 4031 Pralst.
370 3988 448 4028 Daret.
463 3987 485 4031 d.
500 3986 616 4029 Hautkrh.
639 4002 682 4031 von
695 3988 824 4040 Bararus,
840 4004 862 4045 p.
879 3989 915 4032 36.
933 4015 962 4023 -
977 3993 1101 4042 Anium,
1122 3993 1204 4037 Descr.
1224 3995 1248 4038 d.
1264 4010 1313 4041 m·

219 4071 266 4117 lad.
283 4071 304 4113 d.
321 4070 338 4112 l.
354 4082 419 4126 pecu.
435 4069 464 4112 T.
482 4069 514 4112 11.
531 4070 553 4125 p'.
571 4068 620 4114 131.
