2754 4710
661 435 881 494 -tlt-

230 598 308 657 dem.
349 595 389 656 Et
415 596 465 656 hic
491 597 602 657 iterum
631 616 736 657 caussa
759 598 792 655 in
811 603 932 675 promtu
951 603 996 654 ost
1007 588 1024 671 ,'
1037 613 1131 674 quare
1152 595 1367 667 Minervae

230 721 286 781 ope
307 700 461 780 caliginem
488 700 524 759 ab
553 699 646 759 oculis
672 700 799 758 ablatam
827 719 889 759 esse
922 697 1099 760 crediderit:
1126 698 1312 760 hancenias

232 803 390 881 Diomedi,
418 803 544 863 durante
568 812 632 862 toto
661 801 719 864 hoo
746 803 860 882 proelio
887 802 1052 879 adstitisse,
1071 812 1176 861 narrat
1196 802 1329 865 Homee-

233 931 304 979 rus,
334 909 380 970 uti
413 907 511 969 cuivis
538 915 653 966 attenta
678 916 777 965 mente
799 906 870 966 inde
886 906 924 964 ab
939 906 1030 965 initio
1047 905 1128 966 hunc
1145 907 1255 966 Iliadis
1274 907 1315 966 li·

224 1015 318 1074 ·brum
344 1013 505 1094 perlegenti
523 1011 694 1092 apparebit,
716 1010 789 1069 adeo
806 1019 840 1069 ut
854 1010 993 1069 Minerva
1009 1009 1035 1086 ej
1042 1030 1076 1069 ns
1090 1012 1153 1068 Dea
1172 1010 1314 1069 tutelaris

230 1115 320 1175 fuisse
343 1116 501 1175 videatur:
534 1113 585 1175 oui
606 1115 699 1194 igitur
719 1114 837 1195 potius,
858 1134 949 1192 quam
969 1111 1043 1174 huic
1063 1132 1132 1171 suae
1160 1113 1240 1172 Deae
1261 1124 1308 1175 tu·

231 1219 320 1278 telari
347 1218 493 1297 templum
522 1227 664 1294 strueret,
686 1239 781 1297 quum
796 1217 896 1277 salvus
920 1235 959 1275 ex
975 1216 1137 1276 oertamine
1158 1216 1308 1277 discessis·

234 1325 303 1383 set?
355 1325 450 1404 lgitur
480 1325 514 1383 in
541 1325 764 1404 cognominibus
803 1320 865 1379 illis
896 1318 1151 1398 Ophthalmitide,
1180 1320 1312 1400 Optilete

232 1426 419 1508 Perspicace,
449 1427 565 1486 nullam
591 1448 722 1487 caussam
749 1426 856 1498 video,
892 1442 984 1502 quare
1021 1422 1173 1490 llinervae
1204 1426 1313 1505 impri-

233 1529 289 1588 mis
305 1529 458 1589 oculorum
480 1528 671 1590 affectionum
700 1550 803 1590 curam
833 1528 922 1589 fuisse
950 1529 1112 1597 traditam,
1144 1529 1312 1591 credamus.

233 1632 420 1691 Clarissimus
448 1632 556 1692 llli'sller
582 1643 681 1693 autem
710 1632 799 1703 dicit,
830 1631 904 1691 haec
929 1633 1051 1691 nomine
1072 1653 1140 1692 cum
1169 1653 1226 1710 eo,
1261 1635 1314 1694 sub

233 1737 439 1814 qquthenis
461 1752 492 1797 et
510 1738 609 1817 Sigeio
636 1738 800 1809 colebatur,
836 1743 1012 1806 Γλαυκῶπις
1042 1738 1173 1814 scilicet,
1213 1741 1316 1818 potius

230 1859 290 1901 esse
307 1842 505 1922 comparanda
524 1841 604 1924 (¹19).

732 2094 816 2171 510.
853 2197 855 2203 Ι

279 2321 393 2383 Ultimo
425 2323 555 2403 denique
588 2325 654 2384 looo
680 2325 784 2404 paucis
811 2325 924 2386 mentio
951 2334 996 2386 est
1022 2325 1159 2387 facienda
1182 2325 1322 2388 duorum

231 2425 411 2497 numinum,
442 2445 538 2504 quae,
569 2428 640 2487 licet
662 2448 724 2487 non
753 2427 791 2486 ad
814 2429 893 2486 Deos
913 2427 1041 2489 medicos
1060 2429 1206 2490 strictiori
1226 2453 1321 2493 sensu

230 2523 344 2605 possint
365 2524 492 2602 referri,
513 2535 614 2585 tamen
627 2537 768 2607 tanquam
787 2529 840 2588 Dii
860 2531 986 2592 benefici
1006 2535 1158 2601 interdum
1177 2558 1196 2594 a
1220 2537 1320 2599 Grae-

228 2627 271 2686 cis
288 2626 322 2685 in
339 2627 489 2688 auxilium
507 2629 706 2704 vocabantur,
736 2641 771 2691 ut
791 2636 908 2696 morbos
935 2639 1133 2721 depellerent:
1156 2641 1318 2704 Bacchum

228 2731 342 2790 scilicet
366 2741 396 2790 ct
424 2733 606 2793 Mercurium
636 2736 716 2795 volo.
758 2734 854 2815 Hujus
875 2741 1035 2803 Pausanias
1053 2728 1127 2802 dicit
1141 2743 1318 2826 Tanagris,

230 2834 421 2896 Boeotiorum
445 2838 534 2912 urba,
555 2838 616 2899 duo
634 2858 695 2898 csse
713 2839 840 2919 templa,
864 2866 993 2924 quorum
1009 2847 1136 2907 alterurn
1147 2844 1320 2928 Criophori

230 2940 405 3021 (κριοφορου
415 2988 424 3019 ,
444 2944 566 3005 arietem
586 2943 738 3024 gestantis)
758 2947 991 3026 nuncupabant:
1017 2948 1109 3026 hujus
1126 2952 1318 3030 cognominis

228 3064 360 3104 caussam
388 3065 450 3107 esse
485 3047 616 3107 dicentes
628 3093 637 3124 ,
670 3048 751 3128 quod
786 3050 987 3130 pestilentiam
1017 3051 1184 3112 Mercurius
1222 3075 1319 3116 aver-

227 3146 300 3206 terit
327 3146 503 3209 circumlato
527 3151 561 3210 in
580 3172 735 3213 murorum
751 3153 898 3215 ambitum
925 3156 1038 3234 ariete,
1066 3178 1159 3237 quam
1178 3157 1218 3216 ob
1247 3181 1316 3220 rem

229 3251 372 3310 Mercurii
397 3252 592 3315 simulacrum
620 3255 697 3318 fecit
727 3257 855 3318 Calamis
882 3259 1007 3340 quidam
1027 3259 1152 3323 arietem
1174 3261 1319 3325 humeris

229 3427 429 3442 m

258 3514 307 3572 (⁴9)
330 3515 362 3559 K.
382 3515 412 3558 0.
436 3516 555 3564 Milites,
571 3517 587 3559 l.
603 3531 622 3560 c.
638 3531 661 3572 p.
676 3517 727 3561 397:
745 3519 884 3582 sundwenn
899 3523 1021 3564 maranch
1035 3521 1265 3577 subsidsuorten[
1301 3549 1314 3558 -

226 3597 294 3638 rissas
313 3603 337 3637 et
356 3597 460 3651 Spartae]
476 3595 518 3636 deu
525 3595 614 3638 Names
623 3574 740 3654 [Olmii
745 3602 788 3644 1⁶3
801 3609 824 3643 st
838 3579 1002 3658 dffivdepxm]
1016 3618 1062 3646 von
1075 3602 1227 3649 historischen
1240 3608 1313 3664 Bege-

226 3679 343 3720 bcnlroiten
365 3678 479 3728 erll'sirte;
497 3693 521 3719 so
535 3679 592 3719 tvird
606 3695 630 3721 er
642 3682 698 3722 doch
713 3682 821 3738 ricbtigcr
834 3684 877 3725 mit
890 3684 939 3725 dem
949 3686 1112 3728 Cultusnsmen
1127 3701 1155 3727 zu
1169 3687 1249 3729 Athen
1263 3692 1313 3732 und

225 3759 325 3814 Sigrion:
341 3741 539 3823 Γλαυκῶπις,
565 3760 609 3801 und
629 3762 748 3804 thnliobcn
762 3764 916 3819 vergliclren.''
947 3766 1002 3809 Fors
1017 3766 1145 3821 ubieunque
1160 3768 1184 3810 iu
1198 3768 1272 3811 Iliade
1285 3779 1312 3813 et

227 3841 325 3896 Odyssea
346 3838 373 3879 ds
395 3838 501 3880 Minerva
522 3847 556 3880 est
576 3854 662 3892 aetrno,
682 3856 707 3885 ea
728 3852 822 3887 vocatur
842 3847 931 3888 nominc
945 3831 1120 3893 Γλαυκῶπις
1135 3847 1183 3899 (Cf.
1199 3865 1220 3893 e.
1236 3865 1259 3907 g.
1276 3852 1310 3894 ll.

225 3909 262 3959 A.
276 3934 310 3963 n.
333 3919 384 3963 sos.
400 3905 435 3957 Ε.
449 3935 483 3963 vs.
503 3920 539 3964 ιι.
553 3908 592 3957 H.
607 3936 640 3965 v..
667 3923 701 3966 17.
718 3911 753 3962 Σ.
769 3939 803 3970 n.
820 3925 871 3968 ιιι.
889 3928 931 3969 οι.
946 3913 982 3965 Λ.
999 3941 1034 3970 vs.
1050 3929 1087 3978 ιι,
1102 3928 1140 3972 so.
1154 3916 1188 3966 B·
1203 3945 1238 3978 u.
1253 3932 1310 3976 ssa.

225 3991 313 4046 1!.„.
330 4001 366 4045 ιι.
382 4004 445 4056 esa),
