2754 4710
603 456 804 516 ..39-

144 617 406 700 possit-institui,
432 619 478 679 uti
495 630 524 679 et
551 616 638 678 hodie
665 615 775 675 Arabes
796 615 874 690 aliu,
905 637 994 696 quam
1021 613 1142 694 Judaei,
1167 635 1231 674 mo·

141 723 202 798 do,
243 722 504 785 circumciduntur
530 724 609 806 (16).
649 722 697 783 Ex
729 723 799 804 ipsis
828 722 920 808 saeris
955 722 1101 784 codicibus
1126 722 1231 802 itaque

139 830 209 908 jam
237 827 454 908 quodammodo
491 828 635 889 conficere
677 850 848 908 possumus,
900 848 961 888 non
997 828 1108 907 primos
1143 827 1232 888 fuisso

145 933 310 995 Abralrami
338 945 507 1015 prognatos,
531 933 610 1013 apud
630 955 704 1014 quos
723 932 775 991 hic
801 931 879 992 ritus
905 930 999 992 suerit
1025 929 1058 987 in
1086 948 1149 989 usu.
1193 927 1233 989 Et

144 1057 274 1115 revera,
307 1037 333 1096 si
375 1038 515 1117 prolanos
547 1048 682 1098 auctores
720 1034 926 1111 consulamus,
967 1031 1103 1093 videmus
1142 1030 1233 1091 etiam

144 1141 223 1201 alios
261 1141 385 1220 populos
431 1140 597 1222 antiquitus
649 1139 904 1202 circumcisionem
946 1147 1125 1199 exercentes.
1188 1138 1235 1196 De

148 1247 306 1326 Aegyptiis
326 1246 381 1305 lroc
402 1248 528 1306 affirmat
562 1246 728 1307 Herodotus
759 1243 842 1329 (17),
875 1245 978 1305 diceus
1007 1241 1097 1313 etiam
1128 1239 1165 1300 ab
1188 1239 1236 1300 his

148 1351 223 1413 alies
252 1361 355 1430 gentes
378 1329 648 1411 circumcissionem
682 1349 830 1411 didicisse.
882 1350 963 1410 Dicit
988 1349 1066 1407 idem
1094 1345 1161 1428 (18)
1188 1367 1236 1404 so·

148 1457 192 1516 los
221 1455 359 1515 omnium
386 1454 544 1514 hominum
564 1455 688 1515 Colchos
704 1465 823 1534 praeter
842 1455 1005 1534 Aegyptios
1025 1463 1057 1512 et
1075 1450 1237 1530 Aethiopes

148 1561 184 1621 ab
210 1559 429 1639 antiquissimis
457 1557 640 1638 temporibus
667 1559 805 1637 pudenda
824 1557 1051 1629 circumcidere,
1077 1553 1239 1614 Phoenices

151 1665 234 1724 enim
254 1672 284 1723 et
303 1662 387 1742 syrii
408 1663 608 1725 Palaestinam
632 1662 795 1721 incolentes
813 1662 891 1740 ipsos
908 1659 1043 1741 profiteri
1062 1659 1099 1717 ab
1119 1659 1238 1738 Aegyp-

149 1770 199 1830 tiis
216 1788 247 1827 se
265 1768 320 1826 lroc
341 1767 495 1847 accepisse.
525 1767 585 1830 Sub
603 1770 724 1828 nomine
742 1764 948 1825 ttPlsoenicum
962 1772 993 1820 et
1013 1762 1171 1840 Syriorum
1181 1763 1238 1820 Pa·

148 1873 303 1933 laestiuam
329 1872 565 1944 incolentium,’'
600 1872 778 1933 llerodotum
803 1869 928 1930 ludaeos
945 1867 1144 1941 intellexisse,
1167 1886 1235 1925 cum

149 1979 182 2039 in
216 1977 384 2037 Palaestina
413 1977 491 2034 nulli
514 1974 567 2034 alii
594 1973 765 2034 circumcisi
779 1980 900 2049 essent,
920 1991 1012 2049 quam
1031 1971 1089 2050 ipsi
1108 1970 1237 2046 Iudaei,

148 2090 253 2142 auctor
281 2091 326 2138 cst
355 2079 500 2158 Iosephus
523 2076 602 2160 (19).
645 2080 689 2137 De
708 2076 927 2154 Aegyptiorum
945 2075 1169 2134 circumcisione
1191 2075 1235 2132 lo-

150 2184 253 2264 quitur
271 2195 301 2243 et
325 2182 430 2242 Strabo
452 2180 538 2263 (20),
559 2180 702 2259 aquibus
720 2179 846 2240 ludaeos
865 2177 1010 2261 originem
1029 2177 1148 2238 duxisse
1167 2197 1234 2238 cum

100 2299 109 2316 ⁸
150 2286 221 2348 boc·
236 2297 301 2349 tum
332 2285 422 2363 etiarn
453 2285 513 2343 alio
533 2284 598 2344 loco
622 2284 699 2343 dicit
718 2283 797 2364 (21).
840 2282 942 2361 Itaque
967 2281 1003 2340 de
1023 2281 1236 2361 Aegyptiorum

151 2390 377 2453 riroumcisione
406 2400 542 2450 auctores
566 2389 684 2469 profani
713 2389 915 2450 conveniunt.
938 2387 1050 2468 quique
1073 2407 1177 2445 eorum
1198 2386 1235 2445 de

150 2495 270 2557 ludaeis
296 2493 411 2553 faciunt
438 2494 639 2570 mentionem,
663 2493 715 2552 hos
742 2493 824 2553 hunc
840 2478 938 2552 ⁸ritum
954 2493 989 2550 ab
1015 2492 1169 2573 Aegyptiis
1186 2486 1236 2551 ac-

149 2599 258 2678 cepisse
288 2597 465 2677 perhibeut:
498 2596 573 2675 quin
600 2606 630 2655 et
655 2596 719 2676 ipse
750 2598 914 2678 Josephus,
947 2619 1017 2659 oum
1046 2598 1233 2658 Herodotum

148 2705 206 2764 tale
223 2703 298 2781 quid
314 2703 462 2762 dicentem
484 2702 578 2762 citans
594 2723 655 2762 non
676 2702 796 2775 refutet,
819 2704 938 2762 ridetur
956 2702 989 2761 in
1001 2723 1035 2760 ea
1054 2724 1086 2760 re
1104 2702 1233 2762 huicas-

145 2807 263 2866 sentiri.
305 2807 353 2865 An
372 2825 478 2864 revera
492 2805 598 2881 Judaei
614 2805 650 2863 ab
666 2806 818 2885 Aegyptiis
838 2805 1096 2865 circumcisionem
1117 2805 1232 2867 didice-

144 2911 228 2983 rint,
259 2928 315 2985 pro
343 2917 424 2966 certo
453 2907 576 2984 quidem
591 2908 692 2968 dicere
719 2931 781 2968 non
796 2931 964 2989 possumus,
990 2911 1040 2970 sed
1062 2930 1109 2970 res
1129 2929 1183 2988 per
1203 2930 1233 2969 se

145 3010 352 3092 improbabilis
368 3019 507 3083 nonen,
529 3009 630 3069 minus
647 3023 726 3070 certe
749 3035 817 3072 cum
834 3017 879 3074 rei
898 3025 1007 3073 natura
1027 3014 1179 3081 convenit,
1189 3013 1231 3071 ab

147 3114 301 3187 llebraeis,
324 3135 396 3194 quos
419 3114 663 3193 vilipendebant,
686 3116 845 3196 Aegyptios
866 3118 948 3177 huno
968 3119 1062 3176 ritum
1079 3119 1233 3196 accepisse.

143 3222 208 3282 'lloc
234 3222 339 3288 saltem
365 3241 402 3280 ex
430 3219 518 3280 dictis
544 3231 676 3297 constat,
707 3231 825 3300 praeter
852 3222 1021 3300 Israelitas,
1052 3223 1142 3282 etiam
1161 3224 1234 3285 alias

151 3338 253 3407 pentes
275 3325 463 3391 circumcisas
483 3325 547 3404 jans
567 3327 603 3384 ab
629 3325 846 3407 antiquissimis
864 3327 1051 3407 temporibus
1071 3329 1176 3405 fuisse,
1200 3329 1236 3390 ub

177 3503 225 3563 (16)
242 3504 368 3555 Nisum,
387 3499 555 3556 Besehreilsung
574 3513 620 3543 rou
639 3499 747 3546 Arabien.
767 3515 790 3556 p.
811 3501 848 3544 76.

176 3584 226 3644 (17)
242 3587 366 3629 Hssooor.
382 3584 415 3627 11.
432 3597 453 3626 6.
469 3581 507 3625 36.
525 3573 536 3597 ”
950 3581 998 3640 (10)
1016 3581 1077 3626 Idem
1093 3583 1127 3627 11.
1143 3598 1163 3628 c.
1183 3583 1232 3630 101.

106 3719 108 3724 Ι
179 3666 228 3722 (19)
245 3667 338 3708 dosera.
354 3663 435 3719 nnuq.
452 3662 540 3709 Iudeis.
556 3661 608 3706 Lib.
621 3663 693 3708 VIII.
707 3677 728 3707 c.
741 3665 771 3707 X.
785 3667 797 3720 d
812 3666 833 3708 ³.
851 3664 889 3709 Cf.
907 3664 940 3709 Id.
957 3672 1037 3710 contre
1048 3660 1164 3723 vApioueur
1179 3668 1233 3710 Lib.

151 3744 172 3792 1.
186 3762 206 3791 c.
223 3745 260 3789 22.
278 3746 331 3790 Lib.
350 3746 384 3789 11.
400 3759 422 3788 c.
440 3743 476 3787 13.

181 3828 229 3888 (20)
245 3831 348 3879 Srnsuo,
366 3828 418 3871 Lib.
431 3828 513 3874 xv11.
529 3843 552 3885 p,
567 3827 632 3872 1100.
645 3828 675 3872 A.
715 3839 718 3846 '

182 3910 232 3969 (21)
247 3911 285 3956 CI.
300 3911 335 3956 Id.
351 3911 402 3955 Lib.
419 3910 487 3956 XVI.
503 3925 527 3967 p.
544 3910 609 3956 1103.
624 3913 651 3956 O.
665 3925 699 3970 sq.
715 3915 786 3957 Dion.
801 3914 845 3956 816.
862 3912 923 3965 (Lib.
938 3915 958 3959 1.
972 3929 992 3959 6.
1008 3915 1055 3973 28.)
1069 3916 1137 3959 etiam
1149 3917 1177 3958 ab
1190 3916 1234 3960 As·

155 3995 238 4051 gyptiis
250 3995 343 4037 ludaeos
359 3991 549 4038 circumcisionem
562 3993 671 4050 aesopum
686 3994 749 4038 dicit.
