2754 4710
582 528 806 588 -213-

152 708 214 745 non
237 687 348 766 liquet,
374 707 503 767 quanam
531 686 670 747 methodo
691 688 753 748 sint
780 691 825 750 usi
846 690 887 766 ii,
911 693 962 771 qui
982 692 1061 771 apud
1088 684 1233 752 Hebraeos

152 789 338 849 medicorum
360 791 560 870 fatigabantur
580 812 725 870 munere,
754 794 828 853 adeo
849 805 885 854 ut
910 795 1026 875 aliquid
1052 797 1125 855 certi
1142 798 1232 857 deca

150 894 349 972 pronuntiare
378 915 440 953 non
466 896 633 971 valeamus,
662 905 795 956 attamen
817 898 903 956 nulla
924 908 968 958 est
995 920 1116 976 caussa,
1138 921 1233 980 quare

150 1020 215 1056 eam
239 1020 291 1078 per
314 1001 533 1062 incantationes
552 1011 606 1062 aut
634 1001 840 1062 incubationes
858 1000 967 1062 factam
986 1022 1046 1062 esse
1064 1004 1231 1065 credamus.

153 1105 200 1162 Ad
231 1105 466 1166 incantationem
492 1106 597 1165 saltem
625 1128 686 1166 non
708 1126 773 1167 eam
796 1105 899 1165 fidium
928 1108 1148 1185 pulsationem,
1172 1130 1232 1188 qua

152 1210 253 1270 David
281 1211 367 1270 Sauli
398 1211 627 1270 melancholiam
651 1213 769 1292 saepius
796 1232 912 1271 sanasse
944 1212 1076 1287 dicitnr,
1105 1215 1230 1291 reseret,

152 1314 205 1391 qui
235 1334 295 1371 non
324 1313 463 1393 ignorat,
483 1335 644 1392 quamnam
666 1316 699 1374 in
718 1317 833 1376 morbos
855 1317 997 1376 mentales
1014 1319 1160 1377 sanandos
1175 1321 1230 1378 ba-

148 1417 216 1475 beat
233 1417 347 1476 musica
364 1417 535 1491 efficaciam,
560 1419 736 1497 cogitatque,
760 1441 821 1478 non
838 1431 982 1499 tanquam
993 1422 1141 1483 medicum
1151 1423 1231 1503 apud

150 1541 248 1600 regem
259 1520 431 1580 arcessitum
445 1541 506 1579 esse
519 1521 677 1596 Davidem,
689 1523 739 1580 sed
755 1523 941 1606 solummodo
956 1525 993 1582 ob
1009 1525 1132 1602 samam,
1142 1548 1231 1606 quam

147 1625 204 1683 sibi
238 1623 390 1702 pulsandis
418 1624 521 1684 {idibus
550 1637 792 1703 comparaverat,
819 1627 951 1709 adeoque
972 1631 1070 1709 polius
1090 1638 1231 1711 tanquam

148 1729 327 1790 remedium.
370 1728 409 1789 Et
434 1729 515 1807 quod
536 1731 574 1788 ad
600 1730 819 1790 lucubationem
840 1733 965 1809 attinet,
988 1734 1077 1811 hujus
1101 1737 1146 1794 rei
1165 1745 1232 1796 cer·'

149 1834 263 1894 tissime
291 1834 375 1894 uobis
408 1837 491 1895 testis
518 1826 580 1894 non
603 1845 648 1894 est
672 1834 792 1908 Strabo,
816 1835 915 1895 dicens
934 1837 991 1914 iis,
1008 1838 1059 1917 qui
1079 1839 1157 1918 apud
1177 1840 1233 1900 Ju-

149 1942 238 2001 daeos
249 1952 328 2002 caste
346 1963 381 2000 ac
394 1943 475 2020 juste
490 1941 624 2016 vivunt,
645 1937 721 1998 bona
739 1942 854 2000 somnia
870 1939 986 2018 offerri3
1009 1943 1113 2015 debere
1130 1944 1234 2022 itaque

149 2055 181 2104 et
201 2067 256 2124 pro
270 2065 300 2105 se
317 2055 348 2104 et
366 2067 421 2125 pro
435 2045 503 2104 aliis
524 2066 573 2104 eos
591 2043 721 2104 dormire
743 2043 776 2101 in
796 2045 908 2124 templo
919 2055 950 2104 et
974 2067 991 2104 a
1016 2048 1081 2104 Deo
1107 2047 1231 2106 subinde

147 2151 267 2230 aliquid
284 2151 354 2211 boni
379 2160 472 2228 atque
489 2149 596 2210 iudicii
617 2157 790 2228 exspectare
812 2150 877 2230 (2);
902 2150 1013 2229 quippe
1034 2151 1088 2229 qui
1114 2152 1230 2211 nonde

146 2256 365 2336 aegrotantium
385 2255 528 2330 somniis,
549 2255 598 2314 sed
625 2256 662 2314 de
675 2255 792 2314 iisdem
813 2252 954 2312 universe
975 2253 1130 2331 loquatur;
1149 2255 1231 2333 quod

145 2371 248 2420 tamen
285 2361 375 2419 etiam
402 2361 428 2419 si
456 2360 572 2419 lecisset
583 2405 592 2435 ,
623 2359 707 2418 nobis
731 2357 865 2417 nondum
892 2357 1039 2417 sufficiens
1072 2378 1229 2437 argumen-

145 2474 213 2522 tum
242 2463 414 2542 praeberet,
446 2473 480 2523 ut
505 2474 721 2539 statueremus,
746 2461 950 2521 incubationea
980 2462 1059 2541 apud
1079 2463 1227 2525 Israelitas

145 2566 331 2644 obtinuisse,
369 2567 514 2647 siquidem
549 2568 651 2627 eodem
678 2569 743 2627 loco
771 2569 808 2628 de
846 2569 903 2627 boo
925 2570 1036 2648 populo
1066 2590 1113 2630 res
1140 2591 1230 2650 quam

146 2672 279 2733 maxime
298 2695 372 2736 cum,
388 2674 517 2733 veritate
538 2685 702 2753 pugnantes
718 2685 820 2735 narrat
836 2675 916 2734 idem
937 2676 1052 2736 Strabo.

661 2883 726 2960 §a

189 3090 298 3150 Utrum
308 3092 472 3150 arctissima
484 3091 536 3150 illa
550 3091 734 3150 necessitudo
743 3112 830 3170 ,quae
847 3090 925 3170 apud
935 3099 1050 3150 veteres
1069 3099 1134 3167 erat
1149 3089 1230 3150 inter

146 3197 323 3276 religionem
344 3205 375 3254 et
394 3195 591 3270 medicinam,
614 3195 686 3255 huic
709 3194 840 3274 profuit,
863 3216 903 3253 an
921 3194 1022 3274 potius
1047 3192 1226 3273 impedivit,

145 3301 306 3378 quominus
324 3300 396 3358 bene
416 3298 562 3357 elaborari
581 3284 706 3377 posset?
749 3299 839 3371 Quod
866 3299 904 3356 ad
931 3300 1073 3365 Hebraeos
1099 3284 1226 3375 attinet,

139 3408 207 3482 jam
237 3404 451 3476 indicavimus,
488 3405 698 3464 Theocratiam
725 3406 764 3465 iis
784 3427 845 3465 non
870 3406 1086 3485 impedimento
1115 3407 1205 3465 fuisse
1217 3453 1226 3480 ,

142 3510 307 3588 quominus
340 3510 453 3570 artibus
478 3509 675 3590 scientiisque⁸
696 3513 834 3570 universe
859 3522 890 3582 et
916 3510 1082 3570 medicinae
1112 3521 1228 3590 specta-

145 3616 203 3675 tim
220 3637 341 3695 operam
360 3617 483 3690 darent,
511 3614 583 3672 adeo
599 3625 633 3673 nt
648 3615 730 3692 apud
750 3635 798 3673 eos
817 3615 978 3675 infaustam
999 3615 1063 3673 vim
1080 3614 1113 3672 in
1132 3623 1228 3673 artem

143 3730 279 3780 nostram
301 3729 381 3779 certe
398 3741 459 3779 non
482 3719 651 3780 exercuerit
667 3719 782 3800 religio.
823 3720 903 3794 Quin
922 3727 952 3776 et
976 3739 1071 3797 quum
1095 3739 1134 3778 ex
1155 3720 1229 3797 legi-

145 3827 199 3884 bus
231 3825 363 3884 lllosai'cis
398 3825 529 3900 multae,
559 3825 630 3885 licet
659 3823 796 3904 equidem
823 3824 940 3882 easdem
956 3827 958 3831 ’
974 3823 1063 3901 plane
1100 3821 1225 3900 medicas

143 3932 342 4009 pronuntiare
371 3951 434 3989 non
462 3930 577 4004 ausim,
608 3929 741 3989 utilitate
761 3928 890 4008 quadam
910 3927 1033 4007 physica
1054 3948 1116 3986 non
1136 3946 1226 3986 caru·

149 4087 367 4098 -—-——--

174 4151 208 4207 (2)
223 4154 321 4196 samm.
338 4154 390 4196 Lib.
410 4154 518 4209 xv1.p.
536 4151 602 4198 1104,
633 4130 874 4208 tt'Eyuorpdobut
898 4123 998 4185 δὲκαὶ
1018 4128 1128 4192 αῧτόυς
1156 4124 1228 4203 ὑπὲρ

143 4239 272 4311 ἑαυτῶν,
300 4245 348 4298 καὶ
369 4234 440 4314 ὑπὲρ
463 4241 519 4296 τῶν
538 4235 630 4296 ἄλλων
650 4239 755 4302 ἄλλους
778 4238 848 4300 τούς
867 4230 1066 4310 edoveipovc·”
