2754 4710
596 515 812 574 -ato-

143 683 204 741 rito
230 680 436 758 antiquissima
473 677 606 744 habetur,
631 675 811 755 profuerunt
831 672 1027 755 Asclepiades,
1048 676 1144 735 variis
1162 694 1230 736 vero

148 789 281 849 scientiis
301 786 381 860 illis,
403 804 479 864 quae
498 782 586 841 hodie
606 782 640 840 in
669 781 746 840 bono
766 779 880 840 tredico
900 781 1120 861 requiruntur,
1142 782 1229 840 iidem

148 913 268 973 operam
279 912 339 950 non
357 889 466 948 dabant
476 935 485 964 ,
507 888 544 947 ad
563 908 637 968 quas
648 884 799 967 imprimis
808 883 940 964 pertinet
949 895 1087 945 anatome
1098 887 1230 965 corporis

147 997 284 1058 humani.
316 997 349 1054 ln
369 994 448 1054 liano
470 992 678 1052 elaborandam
698 991 860 1049 infaustam
875 988 940 1048 vim
961 989 1095 1048 exseruit
1115 990 1229 1070 religio,

149 1123 244 1184 quum
261 1103 324 1178 ejus
341 1098 640 1179 placitahomineseo
656 1095 809 1165 ducerent,
821 1093 1229 1173 ntdissectionibuscorporis

150 1207 371 1285 humaniquam
383 1203 514 1262 maxime
526 1201 731 1261 abhorrerent.
752 1197 918 1257 Credebant
926 1197 1018 1273 enim,
1041 1206 1229 1257 mortuorum

149 1311 264 1370 animas
284 1309 326 1367 cis
346 1309 466 1385 Stygem
487 1305 721 1372 circumerrare,
755 1302 849 1362 donec
870 1323 996 1382 corpora
1018 1302 1229 1364 defunctorum

150 1424 247 1475 essent
254 1412 370 1492 sepulta
379 1411 427 1469 vel
434 1409 587 1469 combusta
595 1407 653 1490 (l).
662 1408 740 1467 Haec
751 1407 854 1486 opinio
864 1408 973 1486 populo
985 1407 1059 1467 adeo
1067 1419 1132 1468 erat
1141 1430 1229 1483 saera,

153 1530 188 1580 ut
205 1517 400 1580 Athenienses
419 1534 472 1573 sex
491 1513 580 1572 duces
599 1512 737 1584 navales,
762 1510 834 1569 licet
853 1511 890 1569 de
912 1512 1066 1591 Spartanis
1094 1512 1130 1570 in
1159 1512 1231 1572 bello

153 1621 404 1702 Peloponnesiaco
439 1619 599 1678 iictoriam
640 1623 857 1697 reportassent,
895 1615 1003 1695 capitis
1038 1615 1229 1688 damnarent,

153 1728 223 1808 quia
251 1744 375 1804 corpora
403 1742 526 1798 eorum,
555 1722 608 1800 qui
627 1721 661 1780 in
681 1740 765 1780 mare
785 1719 906 1780 fuerant
925 1721 1079 1797 immersi,
1104 1743 1167 1781 non
1186 1721 1232 1780 de-

152 1832 214 1892 bita
244 1852 316 1891 cura
348 1829 528 1908 collegerant
554 1831 622 1906 til:
663 1827 737 1906 quin
765 1837 795 1888 et
821 1828 946 1888 victoris
977 1829 1114 1890 officium
1145 1841 1231 1905 esset,

153 1958 257 1998 euram
287 1935 416 2011 babere,
448 1943 483 1993 ut
512 1933 644 1993 hostium
673 1953 799 2012 corpora
819 1932 1017 2013 sepelirentur
1038 1930 1097 2012 (6).
1139 1935 1230 2006 Quam

154 2044 323 2122 religiosam
348 2050 487 2099 veterum
507 2038 683 2118 opinionem
703 2047 859 2096 anatomae
880 2057 970 2117 quam
990 2037 1123 2098 maxime
1143 2039 1232 2118 impe-

152 2147 287 2207 dimento
320 2145 428 2215 suisse,
464 2163 553 2202 nemo
582 2143 658 2218 erit,
698 2142 749 2220 qui
777 2152 872 2222 neget.
919 2143 1018 2224 Neque
1050 2144 1142 2206 etiam
1175 2166 1231 2204 mos

158 2251 212 2310 ille
224 2297 234 2326 ,
271 2251 322 2329 qui
354 2248 439 2328 ‘apud
475 2246 631 2328 Aegyptios
659 2256 741 2321 erat,
771 2258 815 2330 ¹ut
859 2248 1005 2309 cadavera
1057 2251 1227 2327 condirent,

153 2364 305 2414 anatomes
332 2352 431 2411 studio
453 2351 571 2430 aliquid
603 2349 738 2431 proluit,
765 2352 913 2431 siquidem
936 2363 966 2413 et
991 2354 1071 2434 apud
1099 2376 1148 2416 eos
1174 2377 1230 2415 cor·

155 2459 236 2536 poris
262 2457 388 2515 lmmani
420 2455 559 2516 dissectio
587 2456 659 2515 adeo
685 2457 719 2514 in
750 2457 875 2516 horrore
904 2467 997 2536 esset,
1032 2469 1067 2518 ut
1095 2461 1129 2520 in
1152 2481 1228 2540 para-

156 2561 312 2625 schistem‚
340 2560 405 2619 sive
424 2580 516 2634 eum,
537 2560 588 2641 qui
613 2560 742 2639 primam
759 2561 884 2621 faciebat
907 2561 1104 2640 incisionem,
1129 2564 1227 2644 lapides

152 2666 288 2742 jacerent
316 2663 360 2739 ii,
391 2664 442 2741 qui
486 2661 557 2721 huic
582 2662 750 2742 operationi
779 2665 948 2722 intererant
981 2663 1040 2746 (7).

186 2769 226 2831 Et
238 2768 312 2828 haee
322 2776 402 2844 sunt,
412 2787 485 2846 quae
495 2765 597 2825 brevia
605 2766 638 2824 in
650 2765 706 2824 hac
717 2767 807 2825 tertia
817 2776 902 2847 parte
913 2767 1047 2826 addenda
1059 2788 1121 2828 esse
1131 2767 1227 2850 putari

155 2875 215 2950 iis,
235 2891 309 2952 quae
329 2872 363 2931 in
383 2869 533 2950 prioribus
552 2870 664 2930 duabus
680 2869 815 2948 partibus
838 2869 933 2937 fusius
963 2870 998 2928 in
1016 2871 1150 2932 medium
1169 2890 1226 2952 pro·

157 2978 215 3038 tuli
240 2977 276 3035 de
305 2974 523 3035 necessitudine
551 2973 605 3034 illa
635 2973 818 3050 arctissima,
845 2993 920 3053 quae
940 2983 1006 3035 tum
1032 2975 1113 3035 inter
1134 2976 1227 3035 Mona

156 3082 333 3157 theismum,
364 3091 428 3140 tum
454 3078 535 3139 inter
564 3077 799 3158 Polytheismum
819 3076 851 3137 vet
869 3078 1050 3140 medicinam
1074 3090 1140 3141 erat
1160 3077 1226 3162 apud

157 3195 284 3245 veteres.
327 3184 363 3242 ln
388 3203 447 3262 qua
475 3182 685 3262 pertractanda
714 3183 740 3242 si
766 3183 883 3262 longior
907 3182 998 3243 fuisse
1025 3184 1148 3263 videar,
1171 3192 1228 3266 peto

156 3311 176 3348 a
195 3287 340 3348 benevolo
361 3285 514 3360 Lectore,¹
528 3295 563 3345 ut
579 3286 688 3363 juveni
705 3286 826 3346 veniam
844 3287 916 3346 dare
934 3307 996 3346 non
1016 3297 1114 3368 neget.
1155 3287 1232 3348 Dixit

156 3392 238 3454 euim
262 3391 325 3467 jam
352 3390 516 3448 Gesnerust
546 3389 785 3468 »Antiquissima
813 3389 874 3450 fuir
897 3391 1068 3471 religionis,
1098 3392 1233 3474 supersti-

157 3498 269 3574 tionis,
290 3495 419 3575 magiae,
447 3515 517 3555 cum
536 3495 686 3556 medicina
712 3494 851 3556 societas:
881 3495 919 3556 de
937 3516 995 3574 qua
1013 3517 1109 3576 pauca
1127 3497 1231 3568 dicere.

157 3624 244 3683 quam
259 3602 354 3663 multa
368 3598 518 3660 difficilius
533 3608 578 3659 est
594 3598 675 3680 (8)st

195 3751 228 3807 (4)
245 3751 339 3794 uon...
356 3750 387 3794 11.
404 3738 438 3786 Ψ.
455 3748 491 3792 ιο.
508 3761 557 3804 sqq.
620 3747 797 3806 (arrasum.
807 3748 849 3792 or.
859 3751 878 3792 1.
888 3765 912 3807 ῃ.
920 3751 972 3795 ns.
1007 3741 1010 3746 '

189 3836 223 3889 (6)
239 3835 310 3876 Ι)ιοιι.
323 3834 369 3876 Sic.
383 3832 436 3876 Lib.
453 3832 521 3878 XVI.
536 3845 556 3876 e.
572 3833 610 3876 86.
626 3831 665 3876 Cf.
680 3832 732 3876 Lib.
748 3831 805 3879 XV.
820 3843 841 3876 e.
856 3829 893 3876 35.
941 3832 975 3889 (l)
991 3831 1051 3876 Ibid.
1065 3835 1120 3879 Lib.
1136 3836 1158 3880 I.
1173 3852 1195 3884 e.
1209 3837 1243 3883 91.

191 3917 224 3975 (8)
243 3917 264 3959 J.
281 3915 427 3959 Momm.
449 3914 474 3957 in
496 3915 622 3956 Commeat.
643 3913 721 3956 sociat.
736 3913 793 3969 ng.
808 3914 911 3971 Gotting.
926 3915 992 3959 Tam.
1006 3915 1040 3964 11.
1056 3914 1124 3962 1⁷53.
1138 3933 1164 3977 p.
1180 3919 1233 3967 304.

597 4094 792 4136 TANTUM·
