2754 4710
659 463 950 565 ‘'⁷⁶‘'.

223 641 274 684 esu
301 624 468 704 sanguinis,
500 625 808 707 dicemusl'Saepius
838 626 911 684 haec
939 626 1039 684 lexin
1061 625 1146 686 libris
1169 608 1311 688 Mosaicis

222 728 385 807 repetitur,
424 748 513 808 quam
546 730 608 789 ulla
635 729 682 789 lex
712 731 824 789 cibaria
845 730 911 812 (III.
933 731 1001 790 llos·
1022 731 1071 790 Ill.
1096 731 1142 791 17.
1168 732 1231 792 VII·
1253 735 1300 809 26,

221 831 271 890 27.
300 831 390 891 XVII.
423 834 549 893 12-14.
584 834 659 894 xlx.
692 837 742 895 26.
771 826 805 892 V·
838 835 908 894 Mos.
930 834 996 894 XII.
1019 837 1066 910 la,
1087 836 1134 908 23,
1162 836 1217 894 24.
1235 836 1297 896 XV.

187 948 190 953 '
222 931 286 1012 23.)
302 943 347 1013 ,et
376 935 550 1016 quicunque
579 957 644 995 eam
666 958 725 994 non
747 938 946 1011 observasset,
968 937 1064 1018 capite
1084 950 1149 997 erat
1170 941 1297 1019 plecten-

221 1039 287 1097 dus.
329 1041 412 1100 Patet
439 1042 549 1121 igitur,
582 1041 688 1119 quanti
709 1041 884 1120 legislatoris
903 1042 1075 1117 interesset,
1097 1054 1133 1101 ut
1153 1043 1232 1104 haec
1252 1045 1293 1103 lex

223 1141 443 1206 observaretur.
486 1145 641 1203 Srnnmum
662 1143 739 1201 illud
758 1154 944 1203 momentum
964 1165 1003 1202 ex
1023 1166 1124 1204 caussa
1144 1145 1297 1206 diaeteticn

222 1247 366 1324 explicari
393 1249 513 1327 nequit,
543 1258 659 1309 veteres
686 1246 807 1326 quidem
836 1248 931 1306 nimio
960 1248 1129 1327 sanguinis,
1154 1249 1299 1328 imprimis

218 1350 328 1428 tepidi,
362 1362 435 1431 potu
467 1362 613 1424 mortem,
647 1353 759 1410 obortis
790 1350 1051 1421 convulsionibus,
1093 1352 1169 1410 effici
1200 1353 1298 1411 crede-

219 1455 290 1534 baut
318 1457 401 1537 (43))
431 1458 481 1516 scd
508 1457 566 1516 hoc
590 1458 627 1516 ad
648 1457 790 1535 majorem
811 1464 863 1513 aut
884 1453 1009 1511 nimiam
1030 1454 1127 1514 solum
1148 1456 1298 1533 quantita-

218 1570 279 1618 tem
310 1564 476 1640 spectabat,
511 1584 602 1645 neque
622 1575 673 1625 est,
696 1560 886 1640 credendum,
923 1559 1117 1637 sanguinem,
1139 1559 1165 1617 si
1186 1561 1297 1620 modica

219 1662 386 1740 quantitate
413 1665 506 1725 suerit
535 1667 675 1741 haustus,
705 1685 810 1742 magna
840 1663 1026 1720 incommoda
1054 1661 1177 1738 afferre,
1210 1687 1297 1744 qnare

218 1775 248 1823 et
271 1767 422 1829 Michaelis
443 1769 510 1852 (44)
533 1770 611 1828 hanc
631 1772 726 1848 Iegem
748 1765 889 1826 Israelitis
909 1785 971 1824 esse
992 1766 1108 1842 datam,
1134 1768 1240 1842 credit,
1262 1789 1296 1826 ne

218 1867 297 1928 idola
326 1873 475 1950 colerent,
505 1894 582 1932 neve
602 1894 656 1953 per
677 1873 750 1930 haec
765 1871 922 1948 jurarent:
945 1867 981 1926 ab
1006 1869 1090 1928 Asiae
1112 1871 1193 1931 enim
1215 1872 1297 1932 inco-

216 1975 254 2033 lis
274 1997 355 2036 sacra
375 1977 551 2063 facientibus
572 1977 748 2056 sanguinem
770 1974 897 2033 hauriri.

707 2137 721 2212 s
746 2136 795 2239 ss.

257 2299 305 2358 Ex
339 2301 518 2360 cadaverum
550 2310 663 2361 attactu
680 2299 887 2378 impuritatem
906 2298 980 2355 oriri
1008 2299 1165 2377 plures'ex
1187 2301 1297 2359 veteri·

215 2403 270 2462 bus
302 2403 471 2463 credebant.
513 2404 705 2484 Babyloniis,
728 2411 834 2460 narrat
865 2401 989 2476 Strabo,
1008 2402 1042 2460 in
1068 2423 1151 2471 more
1170 2425 1233 2464 esse
1253 2407 1295 2464 Ia·

214 2527 358 2584 vacrum,
379 2508 406 2566 si
424 2519 577 2568 mortuum
597 2508 764 2587 attigissent
782 2503 868 2584 (45);
893 2516 924 2564 et
940 2507 1019 2585 apud
1037 2507 1161 2568 Graecos
1171 2510 1296 2586 nemini,

214 2609 269 2688 qui
299 2607 436 2668 manibus
461 2619 610 2669 mortuum
631 2609 790 2689 attigerat,
812 2610 851 2668 ad
877 2631 942 2669 aras
959 2611 1057 2672 aditus
1078 2614 1198 2691 patebat
1210 2613 1295 2696 (216),

210 2739 387 2760 F—-5

166 2818 169 2826 ·
246 2802 294 2863 (43)
318 2807 412 2850 Vassis.
428 2807 524 2849 nixus.
544 2807 595 2849 Lib.
618 2808 650 2851 V·
670 2821 690 2849 c.
711 2809 733 2849 6.
756 2807 939 2850 nThemistocles
958 2829 987 2841 -
1006 2833 1036 2842 --
1054 2809 1161 2851 instituto
1186 2813 1296 2855 sacrificio

216 2895 334 2943 exceptum
353 2895 431 2943 patera
451 2890 514 2930 tauri
538 2889 668 2944 sauguinem
687 2889 777 2937 hausit,
798 2895 821 2930 et
841 2895 893 2930 ante
913 2889 985 2943 ipsam
1011 2902 1074 2930 aram
1099 2893 1164 2943 quasi
1189 2895 1296 2946 quaedam

215 2968 305 3024 pietatis
318 2969 411 3011 victima
425 2970 546 3013 concidit.''

218 3046 221 3051 ’
247 3050 295 3103 (44)
319 3052 378 3093 Mos.
400 3052 466 3107 Regt.
486 3053 531 3096 lV.
546 3067 569 3106 p.
584 3051 636 3095 229.
654 3052 714 3094 Idem
729 3058 809 3094 auctor
825 3050 858 3106 (p.
874 3051 1010 3107 ala-219.)
1026 3053 1095 3109 legem
1109 3055 1173 3096 illam
1188 3063 1296 3114 terrepe·

215 3134 281 3175 sitam
298 3133 341 3186 (11.
354 3135 412 3176 Mos.
428 3135 521 3176 XXIII.
539 3134 574 3176 ls.
588 3135 703 3178 XXXIV.
722 3133 758 3176 26.
772 3136 803 3178 V.
819 3136 876 3177 Mos.
892 3136 960 3179 XIV.
978 3134 1040 3189 21.):
1064 3138 1180 3180 nHoedum
1202 3140 1225 3181 iu
1239 3141 1295 3182 lacte

215 3215 294 3256 matris
315 3228 367 3256 suae
386 3229 414 3255 ne
432 3212 732 3269 coquito,”isainie11igit,
753 3221 779 3256 ut
792 3215 823 3256 sit
835 3215 869 3256 lac
883 3215 941 3257 illud
954 3217 1078 3272 butyrum,
1094 3225 1117 3259 et
1129 3219 1166 3260 Iex
1182 3221 1292 3276 imprimis
1356 3254 1364 3268 .

215 3297 267 3338 data
287 3297 332 3345 sit,
346 3304 373 3338 ut
386 3298 504 3339 lsrae'litae
522 3299 570 3339 oleo
589 3298 716 3347 olivarum,
738 3297 796 3351 quod
820 3297 845 3338 in
864 3298 992 3340 Palaestina
1014 3300 1126 3354 egregium
1147 3296 1293 3361 producitur,

215 3381 348 3427 uterentur,
369 3392 458 3432 seseque
476 3378 553 3432 itaqua
564 3356 597 3419 'in
613 3379 750 3421 'Chauauaea
768 3386 877 3423 tenerent.
899 3381 935 3444 ald
948 3381 1043 3423 diaetam
1058 3389 1118 3425 certe
1132 3387 1244 3439 pertinere
1256 3387 1291 3428 Ie'x

214 3457 254 3500 illa
268 3473 313 3501 nou
326 3460 424 3503 videtur.

248 3538 296 3597 (45)
313 3542 403 3584 &russo
419 3543 471 3585 Lib.
486 3543 555 3586 XVI.
570 3557 593 3597 p.
610 3542 675 3588 1081.
687 3544 716 3586 Β.

250 3621 298 3679 (46)
315 3627 425 3671 Ennium.
441 3627 544 3685 Iphigen.
561 3628 585 3668 iu
599 3627 671 3670 Taua.
685 3641 719 3668 vs.
734 3626 785 3669 381.
800 3642 849 3682 sqq.

422 3713 462 3766 Toi
483 3715 532 3781 τῆς
554 3716 629 3768 θεοῦ
651 3708 683 3767 δὲ
700 3698 852 3786 μέμφομαι
873 3719 1042 3789 σοφίσματα

415 3821 506 3878 “Hm
525 3816 636 3890 βροτῶν
656 3811 708 3888 μὲν
726 3817 759 3887 ἢν
779 3840 823 3881 τις
847 3821 957 3891 ἅψηται
977 3821 1069 3889 φόνου

413 3925 462 3974 Ἢ
482 3927 530 3976 καὶ
551 3925 683 3991 λοχείας,
707 3922 724 3993 ἢ
746 3930 848 3999 νεκροῦ
871 3928 944 4001 θίγῃ
961 3932 1059 4000 χεροῖν

413 4025 522 4097 Βωμῶν
539 4025 669 4103 ἀπείργει
677 4068 687 4098 ,
705 4029 836 4104 μυσαρὸν
854 4027 891 4095 ὡς
916 4030 1063 4106 ἡγουμένη.
