2754 4710
581 463 802 520 -191-

142 626 227 696 Quae
256 623 293 678 ab
326 622 484 701 Apollonio
514 621 594 680 haud
627 623 726 680 minus
754 619 886 680 adhibita
905 631 949 677 cst
967 621 1000 677 iu
1029 642 1115 696 casn,
1139 643 1233 700 qucnr

145 729 228 809 apud
248 725 464 786 Philostratum
487 726 621 805 legimus.
664 728 764 799 Quum
784 723 865 780 enim
882 722 1003 798 juvenis
1023 723 1224 802 hydropicus,

147 833 229 911 apud
268 832 464 910 Apollonium
494 841 614 910 questus
643 829 773 901 faceret,
812 823 892 903 quod
920 825 1113 904 Aesculapius
1141 846 1227 886 sana-

143 939 276 1007 tionem,
312 957 402 1015 qnam
431 938 629 1018 promiserat,
661 955 722 992 non
748 932 851 1002 dabat,
875 932 955 990 dixit
975 933 1044 1002 ille:
1066 933 1225 992 nVolenti·

143 1043 199 1101 bus
211 1041 280 1112 dat,
293 1052 455 1101 tuveroea
472 1042 562 1116 sacis,
584 1060 659 1118 quae
685 1038 821 1098 morbum
838 1037 969 1116 pejorem
986 1037 1134 1097 1·eddunt'’
1151 1038 1228 1119 (66).

145 1150 252 1208 Eidem
282 1149 465 1227 Apollonio,
492 1169 585 1227 quum
612 1148 659 1210 in,
675 1146 822 1224 templum
852 1143 982 1203 venisset
1004 1145 1113 1220 homo,
1144 1147 1228 1222 cnjus

147 1252 253 1311 oculus
279 1261 344 1310 erat
370 1251 511 1327 effossus,
531 1263 623 1310 noctu
642 1249 784 1329 apparuit
800 1249 991 1328 Aesculapius
1009 1249 1126 1318 dicens,
1146 1248 1226 1307 hunc

142 1356 327 1414 lromineme
349 1356 535 1440 temploesse
551 1353 752 1412 amovendum
765 1375 771 1426 ;
793 1373 863 1411 enm
876 1352 957 1411 enim
968 1372 1030 1410 esse
1046 1352 1204 1429 indignum
1217 1396 1225 1425 ,

144 1461 196 1540 qui
219 1460 270 1518 vel
289 1460 417 1518 alterurn
437 1458 557 1517 oculum
575 1457 720 1516 retineret
734 1456 811 1537 (66).
835 1458 879 1516 lta
898 1455 1040 1515 facientes
1053 1455 1084 1514 in
1096 1456 1226 1514 exitibus

147 1563 366 1623 infaustissime
382 1563 477 1621 famae
486 1547 700 1620 consuluerunt
708 1559 882 1635 sacerdotes,
895 1559 972 1618 unde
981 1559 1095 1619 sactum
1105 1569 1160 1630 est,
1175 1568 1224 1630 ut,
1285 1554 1294 1573 ‘

142 1667 215 1726 licet
233 1675 314 1727 certe
334 1665 449 1743 saepius
469 1686 547 1724 unus
562 1664 676 1722 alterve
692 1673 826 1742 aegrotus
845 1664 998 1744 insatiatus
1018 1660 1154 1737 abiisset,
1174 1682 1227 1741 per

143 1771 239 1830 multa
257 1769 390 1840 saecula,
415 1768 506 1839 etiam
528 1778 684 1847 postquam
700 1767 856 1825 rationalis
873 1767 1023 1826 medicina
1041 1767 1224 1843 suitexorta,

144 1875 279 1935 maxima
316 1873 493 1933 auctoritate
532 1872 611 1952 apud
643 1871 765 1949 vulgum
796 1870 967 1950 gauderent.
1010 1872 1127 1945 Quanta
1153 1870 1228 1932 lineo

142 1982 237 2040 suerit
251 1979 432 2052 auctoritas,
453 1977 566 2056 optime
582 1997 621 2036 ex
644 1978 847 2052 orationibus,
868 1997 941 2055 quas
951 1978 1120 2054 composuit
1144 1976 1229 2036 Aris·

143 2084 220 2144 tides
248 2082 353 2142 confici
381 2090 495 2160 potest,
514 2081 568 2160 qui
596 2082 834 2158 obstinationes,
856 2083 981 2161 quasab
1002 2082 1059 2140 hoc
1077 2085 1143 2141 Deo
1158 2102 1229 2162 per-

144 2196 223 2245 actas
243 2185 399 2261 credebat,
422 2184 634 2262 Aesculapium
653 2197 723 2246 ante
739 2207 842 2246 omnes
862 2188 935 2246 alios
963 2192 1041 2248 Deos
1063 2209 1123 2249 esse
1139 2189 1229 2249 invo-

145 2290 275 2351 candum
306 2289 386 2358 dixit
408 2290 459 2369 (67
465 2291 492 2365 );
514 2311 607 2370 quare
628 2300 658 2349 et
674 2291 738 2368 ipse
756 2311 825 2350 eum
843 2303 944 2351 noctes
963 2303 994 2351 et
1009 2293 1145 2352 interdiu
1163 2294 1228 2374 pri·

142 2396 299 2472 vatimqne
320 2404 352 2453 et
370 2394 488 2472 publice
507 2392 664 2453 invocavit
684 2392 765 2475 (68).
792 2393 883 2456 Hunc
903 2398 1017 2473 Deum,
1043 2397 1135 2493 dicit,
1157 2400 1229 2458 uni·

144 2499 276 2562 versum
293 2501 456 2579 gnbernare
483 2511 513 2559 et
540 2498 660 2579 regere,
679 2499 872 2578 omniumque
897 2521 958 2560 esse
987 2478 1228 2575 conservatorem

144 2628 180 2664 ac
207 2607 349 2664 »Deorum
376 2606 547 2678 custodem,
577 2605 763 2683 eundemque
785 2615 870 2664 vocat
894 2607 1086 2684 gubernaculi
1116 2612 1229 2689 praesi-

145 2709 224 2780 dem,
237 2708 302 2786 qni,
313 2727 513 2787 quaecunque
522 2717 593 2789 sunt
601 2708 650 2766 rel
662 2707 749 2784 fiunt,
758 2720 922 2768 conservat:
930 2713 970 2768 ab
978 2733 1074 2792 eoque
1091 2733 1121 2773 se
1155 2715 1230 2775 dicit

147 2833 209 2872 non
222 2812 324 2886 semel,
338 2811 388 2870 sed
396 2811 565 2888 saepissime
577 2813 663 2888 qnasi
675 2833 692 2869 a
702 2823 797 2871 morte
821 2834 881 2872 esse
898 2815 1072 2874 suscitatum
1094 2816 1171 2897 (69).
1195 2819 1228 2877 Si

148 2928 282 2996 tempore
299 2916 352 2973 illo
362 2961 371 2989 ,
396 2936 458 2994 quo
467 2914 549 2973 vixit
562 2915 724 2991 Aristides,
745 2915 844 2976 adhuc
862 2927 946 2977 tanta
960 2918 1030 2978 fides
1051 2921 1230 2998 Aesculapio

146 3020 273 3100 ejusque
301 3018 465 3077 medicinae
495 3017 698 3092 tribueretur,
742 3019 860 3078 abunde
893 3031 994 3102 patet,
1030 3044 1122 3083 unum
1154 3025 1229 3083 alte-

145 3143 255 3183 rumve
270 3123 434 3183 infaustum
454 3122 617 3182 curationis
641 3123 756 3184 exitum
766 3126 976 3205 Asclepiadum
986 3130 1158 3189 auctoritati
1169 3152 1228 3192 non

148 3248 255 3308 magno
274 3228 455 3313 detrimento
470 3227 572 3287 fnisse.

155 3418 344 3432 -ι--ι-ϋ

182 3534 232 3590 (65)
247 3536 375 3578 Putaosrn.
387 3535 432 3577 vit.
446 3534 523 3588 Apoll.
539 3533 614 3589 Tyam
634 3531 686 3574 Lib.
702 3533 723 3576 1.
738 3546 758 3574 c.

180 3614 230 3673 (66)
245 3616 302 3660 lbid.
320 3615 372 3658 Lib.
387 3616 404 3658 l.
421 3629 442 3659 c.
458 3614 493 3658 10.
650 3651 656 3662 ,

182 3698 231 3752 (67)
248 3699 358 3740 Anrsrm.
375 3698 440 3740 Orat.
456 3697 518 3739 Sacr.
535 3692 675 3750 11.p.513.

182 3781 230 3835 (68)
248 3781 282 3822 ld.
300 3781 367 3822 Orat.
383 3778 409 3821 in
422 3779 542 3833 Aesculap.
555 3791 578 3833 p.
593 3776 630 3822 65.

185 3865 233 3919 (69)
250 3863 310 3906 Isia.
323 3876 346 3917 p.
362 3862 388 3905 67
403 3875 437 3915 sq.
447 3861 570 3903 Maximam
584 3852 651 3903 etiam
663 3858 752 3902 laudem
764 3858 813 3900 Dm
825 3863 902 3900 nostro
915 3859 1123 3908 tribunatusnam
1132 3863 1228 3920 (dsNat.

153 3946 256 3988 Animal.
271 3946 323 3990 Lib.
338 3945 378 3989 lX.
392 3960 411 3988 c.
427 3944 464 3986 33.
480 3957 502 3998 p.
517 3942 568 3988 515.
582 3944 617 3987 ed.
633 3943 771 3997 Gnonovu.)
785 3953 879 3996 eumque
892 3957 965 3998 regem
979 3952 1002 3988 et
1014 3946 1111 3991 hominis
1123 3950 1231 3994 ansam·

150 4026 236 4068 simum
249 4026 308 4070 inter
322 4040 396 4069 omnes
413 4027 471 4067 Deos
483 4033 556 4069 vocat„
