2754 4710
648 461 688 474 -
733 429 789 488 191,
831 464 870 474 ...

236 589 451 660 exercebatur,
478 590 644 650 rrredioirrae
669 591 886 668 aegrotantium
905 591 971 648 lidei
982 637 990 666 ‚
1013 611 1091 672 qnae
1110 604 1213 652 nostro
1230 596 1314 653 etiarn

238 703 371 772 tempore
392 694 467 752 tanti
489 695 632 752 momenti
657 705 701 753 est
723 695 853 770 medico,
881 695 1052 768 nitebatur,
1083 697 1126 754 ita
1149 697 1240 758 etiam
1263 700 1317 757 cal·

235 800 290 859 lidi
310 801 474 861 sacerdotes
508 801 584 860 banc
610 800 697 858 fidem
724 800 945 875 adhibuerunt,
976 809 1010 858 nt
1038 801 1071 858 in
1100 803 1315 880 aegrotantium

238 916 368 963 mentem
393 905 523 964 eonsiliis
552 906 612 965 suis
641 915 781 983 agerent,
812 924 975 982 eorumque
1011 904 1128 965 animos
1164 908 1317 985 erigerent.

237 1012 398 1072 Aristidem
429 1021 587 1085 nostrum,
610 1010 681 1091 qui,
710 1010 756 1069 nti
780 1008 929 1083 vidimus,
953 1030 1013 1067 non
1040 1011 1135 1070 solum
1158 1015 1317 1092 aegritudi-

237 1137 289 1174 nes
312 1137 378 1174 suas
403 1117 613 1195 exaggerabat,
639 1115 688 1174 sod
718 1114 808 1172 etiarn
838 1114 996 1192 phantasia
1024 1136 1076 1173 sna
1101 1117 1156 1174 sibi
1185 1120 1315 1187 morbos,

236 1222 341 1300 quibus
367 1242 469 1280 revera
505 1243 563 1280 non
595 1221 745 1279 laborabat
755 1266 763 1295 ‚
810 1221 970 1292 tribuebat,
1007 1222 1119 1300 quique
1152 1225 1317 1285 cautissima

236 1328 365 1386 evitabat
382 1328 482 1386 onmia
493 1373 502 1402 ,
524 1327 628 1405 quibus
651 1315 785 1384 morbum
803 1325 902 1404 augeri
927 1326 1049 1404 putabat
1067 1325 1154 1406 (82),
1178 1343 1317 1391 sanarunt

237 1432 334 1510 longis
351 1431 518 1502 itineribus,
540 1441 653 1489 etcum
674 1465 713 1476 -
729 1430 776 1487 uti
795 1430 855 1508 ipse
874 1428 948 1487 dicit
968 1465 1007 1475 —
1027 1430 1078 1490 vix
1098 1434 1317 1515 respirarepos-

235 1545 294 1609 set,
326 1534 425 1592 (licere
455 1535 607 1609 jusserunt
633 1543 662 1592 et
691 1533 820 1592 scribere
849 1534 935 1615 (83):
953 1535 1075 1614 perinde
1093 1558 1128 1595 ao
1147 1539 1172 1597 si
1194 1542 1315 1600 eundem

238 1648 395 1712 vetarent,
427 1658 464 1694 ne
494 1638 536 1694 ita
562 1638 767 1698 indesinenter
787 1639 823 1697 de
844 1639 1082 1716 aegritudinibus
1103 1645 1185 1704 veris
1207 1648 1258 1705 vel
1283 1648 1317 1705 si·

241 1743 363 1801 mulatio
387 1743 539 1819 cogitaret.
580 1742 618 1800 Et
644 1742 694 1800 bic
717 1742 846 1800 conferri
866 1754 1036 1817 urerentur,
1059 1766 1135 1824 quae
1159 1750 1197 1807 de
1214 1751 1317 1810 Aescu-

237 1849 315 1927 lapio
332 1849 511 1925 Pergameno
530 1845 605 1904 dicit
626 1847 689 1925 ipse
708 1844 846 1905 Galenus.
890 1845 947 1904 llic
964 1850 1065 1925 enim,
1087 1873 1158 1910 cnm
1177 1854 1312 1930 dixisset,

236 1974 266 2012 so
283 1954 444 2033 quotannis
469 1973 571 2030 aegros
589 1973 650 2010 uon
670 1971 780 2030 parrros
799 1970 979 2030 persanasse,
990 1952 1060 2011 solis
1078 1955 1174 2014 animi
1194 1960 1316 2018 motibus

234 2059 271 2118 ad
289 2060 421 2119 debitum
443 2059 562 2118 modum
581 2059 746 2129 revocatis,
770 2057 813 2115 ita
838 2057 947 2136 pergit:
969 2058 1043 2118 rrEst
1067 2081 1141 2120 vero
1158 2084 1221 2123 rron
1241 2088 1316 2145 sper-

235 2164 351 2223 nendus
376 2164 468 2240 hujus
493 2164 656 2222 sententiae
683 2160 765 2220 testis
795 2161 894 2239 ipsum
925 2163 1058 2240 patrium
1092 2168 1178 2228 nobis
1209 2192 1314 2229 numen

237 2268 448 2348 Aesculapius,
478 2269 533 2348 qui
564 2269 671 2327 multas
700 2264 790 2326 scribi
815 2265 998 2343 cantilenas,
1022 2269 1188 2351 rnimosque
1207 2276 1314 2336 ridicu·

234 2373 330 2430 larum
358 2392 460 2429 rerum
485 2371 566 2445 sieri,
595 2381 625 2454 ot
650 2369 793 2429 melodias
815 2371 957 2447 quasdam
978 2373 1114 2433 institnit
1132 2377 1192 2453 iis,
1218 2379 1316 2458 quibus

234 2475 473 2535 vehementiores
499 2476 650 2533 animosae
675 2474 769 2553 partis
789 2484 885 2532 motus
900 2477 1032 2554 corporis
1049 2489 1314 2560 temperamentum

232 2581 315 2656 justo
336 2578 460 2638 calidius
492 2580 650 2637 efficerent.
692 2578 769 2636 Aliis
797 2578 991 2658 quibusdam,
1016 2604 1116 2663 neque
1137 2587 1174 2646 iis
1196 2592 1315 2667 paucis,

237 2683 362 2759 venari,
387 2684 540 2762 equitare,
572 2693 661 2761 atque
683 2693 812 2741 armatos
834 2685 996 2745 exercitari
1016 2688 1122 2763 jussit,
1156 2691 1316 2773 iisdemque

235 2790 337 2850 statim
365 2803 430 2848 tum
457 2801 592 2848 motuum
622 2790 755 2869 ipsorum
778 2788 923 2867 speciem,
958 2791 1063 2870 ntique
1089 2793 1197 2871 quibus
1223 2807 1315 2857 motus

232 2893 389 2968 injunxit,
412 2904 475 2952 tum
505 2915 672 2966 armorum,
706 2891 817 2972 quibus
845 2893 966 2951 armatis
993 2897 1126 2954 exerceri
1150 2902 1313 2981 praecepit,

232 2996 380 3056 delinivit.
421 2997 488 3057 Non
511 2998 591 3054 enim
618 3017 677 3075 quo
698 3005 785 3075 pacto
804 2997 950 3055 excitetur
968 2999 1161 3079 erigaturqna
1185 3007 1315 3065 animosa

175 3162 181 3172 ,
233 3116 327 3176 pars,
352 3119 420 3161 eunr
457 3100 608 3160 inrbeeilla
635 3101 690 3170 sit,
728 3100 898 3179 praecipere
929 3112 974 3160 sat
1008 3104 1135 3182 babuit,
1166 3110 1227 3169 nisi
1256 3131 1316 3170 earn

232 3224 402 3264 mensuram
433 3204 515 3262 illius
545 3205 581 3261 ab
608 3203 857 3264 exer·citationurn
877 3207 944 3266 idea
968 3209 1107 3270 definiret
1129 3213 1232 3295 (db).”
1274 3217 1316 3276 Er

233 3308 314 3367 bisce
330 3318 431 3389 patet,
453 3309 620 3368 sacerdotes
640 3311 834 3388 Pergamenos
854 3323 1058 3391 aegrotantes,
1079 3337 1128 3377 eos
1147 3319 1313 3400 imprimis,

231 3415 285 3492 qni
327 3414 430 3473 morbo
476 3413 607 3494 quodam
640 3414 764 3471 trientali
803 3415 991 3489 laborabant,
1038 3420 1179 3480 methodo
1218 3424 1316 3504 aliqua

231 3593 397 3608 k*-

266 3683 313 3735 (82)
330 3685 394 3725 Orat.
410 3683 473 3723 Sacr.
490 3683 536 3725 tlt.
558 3696 580 3736 p.
596 3680 648 3723 560.
664 3682 687 3723 in
701 3684 753 3724 fine.

263 3764 311 3820 (83)
328 3765 436 3806 Anrsrrn.
452 3765 517 3804 Orat.
532 3763 556 3806 in
571 3763 663 3805 Aescul.
679 3779 701 3817 p.
716 3766 753 3807 69.
769 3764 806 3806 Cf.
823 3766 887 3806 Orat.
903 3766 964 3808 Sacr.
981 3767 1025 3810 IV.
1040 3783 1063 3823 p.
1079 3767 1132 3812 573.

264 3845 312 3902 (84)
329 3845 420 3888 Graan.
434 3846 460 3886 de
475 3845 548 3886 Santi.
562 3847 641 3886 tuend.
657 3847 708 3888 Lib.
725 3848 745 3890 1.
760 3861 779 3888 c.
795 3848 865 3890 Vrrt.
882 3862 902 3901 p.
919 3850 955 3891 66.
976 3849 1005 3893 G.
1028 3852 1099 3895 Closs.
1121 3854 1153 3896 ΙΙ.
1175 3856 1209 3899 ed.
1231 3859 1255 3902 9.
1277 3874 1310 3914 ap.

233 3931 299 3971 tunt.
321 3942 343 3981 p.
377 3926 428 3968 131.
459 3928 489 3969 D.
512 3927 545 3967 ed.
573 3927 678 3970 Gesner.
710 3913 741 3964 Ὁ
767 3912 890 3985 πατριὰς
922 3911 994 3974 Θεὸς
1027 3913 1106 3985 ἡμῶν
1138 3922 1311 3990 Ἀσκληπίος

236 4016 270 4051 eol
293 4009 379 4051 scilicet
391 4009 537 4064 Aesculapius
555 4009 608 4059 ille,
623 4011 662 4064 qui
680 4011 783 4066 Pergami
796 4013 946 4062 adorabatur,
961 4013 996 4055 uti
1007 4012 1053 4068 jam
1073 4022 1139 4059 antea
1159 4017 1310 4064 indicavimus.
