2754 4710
634 448 854 508 -1210-

191 600 356 668 Diodorum
386 612 422 668 ab
450 609 539 668 initio
569 608 742 671 credebatur
765 633 783 668 a
809 610 920 669 morbis
947 611 1112 671 incolumes
1132 633 1184 672 eos
1209 633 1276 672 ser·

189 732 262 770 rare
275 758 284 787 ,
315 714 368 791 qui
399 715 489 792 ipsius
519 716 649 774 amuleta
674 727 831 794 gestarent.
872 715 938 775 Non
978 716 1174 796 improbabile
1205 729 1274 794 est,

189 820 383 892 recentiores,
418 841 511 898 quum
537 819 694 878 Herculem
712 819 832 879 idaeum
851 841 921 880 curn
939 821 1098 880 Alcmenae
1114 822 1180 880 filio
1198 844 1278 882 con-

187 923 366 999 funderent,
406 924 486 983 hunc
522 924 624 983 eodem
662 924 749 982 modo
788 924 908 983 heroem
935 926 1083 984 medicum
1111 927 1254 985 habuisse
1266 975 1274 1002 ,

188 1028 436 1105 quemadmodum
483 1028 642 1102 mulieres,
690 1027 727 1085 de
774 1027 882 1105 quibus
925 1029 1061 1108 loquitur
1097 1029 1275 1105 Diodorus,

187 1132 316 1191 amuleta
344 1133 427 1192 illins
461 1132 599 1192 Thebano
629 1133 746 1192 Herculi
774 1113 990 1194 attribuerunt.
1030 1133 1128 1213 lpsum
1156 1135 1277 1194 Hercu-

185 1233 263 1308 lem,
298 1255 389 1312 quern
415 1236 563 1294 ininsula
582 1237 643 1295 Coo
660 1238 817 1296 adoratum
841 1237 962 1295 nomine
987 1241 1107 1305 άλεξὲως
1126 1238 1278 1298 Aristides

187 1338 369 1410 celebravit,
390 1360 451 1398 non
467 1340 558 1398 fuisse
578 1341 734 1401 Alcmenae
748 1341 858 1412 filium,
882 1341 931 1398 scd
944 1342 1140 1420 Dactylorum
1161 1365 1273 1418 unum,

188 1463 225 1502 cx
251 1465 286 1502 eo
311 1446 472 1506 conficiunt
503 1447 688 1524 complures,
712 1445 793 1524 quod
818 1445 981 1503 sacerdotes
1000 1445 1139 1503 muliebri
1160 1447 1276 1504 vestitu

187 1548 287 1608 induti
311 1549 340 1606 ei
372 1570 453 1607 sacra
488 1549 638 1608 faciebant
666 1547 753 1629 (59);
787 1559 817 1608 et
844 1549 920 1607 sorae
942 1549 1083 1628 mytbus‚
1107 1549 1160 1626 qui
1187 1550 1272 1627 apud

189 1652 384 1712 Plutarchum
415 1655 451 1712 de
482 1675 584 1712 caussa
604 1665 762 1729 narratur,
785 1674 877 1732 quare
899 1662 963 1709 tam
984 1651 1126 1730 singulari
1149 1653 1271 1711 ratione

187 1757 230 1815 ibi
261 1757 410 1816 coleretur
450 1759 517 1841 (60)
556 1759 715 1833 Hercules,
755 1756 915 1815 recentiori
942 1766 1076 1834 ternpore
1101 1764 1145 1813 est
1176 1775 1270 1815 exco-

188 1846 318 1941 gitatus,
337 1883 429 1942 quum
443 1864 507 1939 jam
526 1864 580 1921 diu
595 1873 683 1922 antea
702 1861 758 1919 hac
777 1861 893 1919 ratione
913 1859 1049 1918 Hercules
1070 1881 1088 1918 a
1108 1859 1176 1918 Cois
1192 1858 1273 1917 suis-

187 1977 232 2025 set
261 1967 411 2026 adoratus.
441 1969 536 2026 Porro
560 1965 812 2046 ¹quemadmodum
842 1966 1003 2023 Alcmenae
1034 1963 1273 2022 filius-Hercules

188 2076 357 2142 ἀλεξικάκος
386 2075 611 2154 cognominatus
643 2081 701 2143 est,
742 2069 822 2148 quod
848 2087 1011 2145 cognomen
1045 2067 1073 2125 ei
1100 2066 1201 2145 potius
1230 2067 1268 2125 ob

187 2186 322 2237 monstra
340 2179 484 2238 debellata
503 2178 648 2236 tributum
670 2175 759 2234 fuisse
777 2181 875 2230 censet
902 2172 980 2229 doct.
1000 2171 1083 2229 Vink
1106 2169 1190 2250 (61),
1227 2170 1272 2229 ita

187 2280 311 2343 Herculi
331 2283 418 2342 Idaeo
447 2304 515 2342 arae
536 2292 623 2341 erant
650 2282 780 2350 dicatae,
806 2279 926 2337 nomine
944 2277 1141 2347 Auxiliatoris
1161 2282 1275 2357 (παρα-

172 2388 308 2461 ,.στά’της)
331 2385 414 2464 (62lz
437 2386 690 2464 quodutrumque
706 2382 1272 2443 nomennonitamultumasediffert:

185 2489 259 2548 hinc
292 2487 471 2563 recentiores
500 2488 587 2545 sacile
612 2486 761 2544 malorum
784 2487 938 2546 liberatori
961 2489 1085 2547 eandem
1102 2488 1136 2546 in
1155 2489 1276 2549 morbis

188 2592 369 2673 depellendis
386 2592 544 2651 efficaciam
562 2592 801 2670 adscripserunt,
825 2610 914 2668 quam
926 2590 990 2667 jam
1000 2592 1169 2670 antiquitus
1176 2595 1274 2654 auxi·

189 2815 240 2860 544.
255 2817 286 2861 al.
298 2814 350 2858 335.
367 2815 525 2857 Ameletorum
540 2818 615 2856 autem
628 2814 737 2866 itteram,
752 2818 778 2858 de
792 2816 872 2870 quibus
885 2816 988 2870 loquitur
1002 2817 1129 2865 Diodorus,
1144 2819 1279 2871 exemplum

188 2904 288 2951 prostare
301 2897 372 2938 adhuc
386 2897 477 2939 ridetur
490 2897 547 2949 apud
562 2898 640 2940 Atax.
657 2899 814 2940 'rusucurium
824 2898 859 2951 (de
872 2904 921 2940 erte
933 2899 1027 2940 medica.
1042 2898 1093 2941 Lib.
1110 2899 1140 2941 X.
1159 2899 1179 2942 l.
1194 2912 1219 2952 p.
1238 2902 1278 2944 06.4

189 2962 255 3023 Toni,
273 2981 331 3022 VII.
346 2980 376 3022 Α.
392 2994 415 3022 v.
431 2981 545 3028 Hiram,
560 2979 625 3020 Artis
638 2980 735 3020 medicae
749 2980 894 3037 principes),
909 2981 1045 3022 ubidicitur
1059 2980 1168 3022 Hercules
1181 2987 1277 3024 erectus

189 3069 212 3104 et
224 3063 309 3105 leonem
322 3062 412 3104 illidens
426 3063 450 3103 in
463 3062 546 3103 annulo
559 3068 656 3118 gestatus
671 3063 784 3104 doloribus
799 3065 874 3105 calicis
887 3064 992 3106 liberare.

219 3145 267 3203 (59)
283 3147 422 3194 Senercan,
439 3144 520 3186 Gesch,
536 3144 576 3184 der
591 3144 705 3199 Araneyk.
720 3144 749 3186 Τ.
767 3143 786 3185 l.
801 3158 822 3197 p.
840 3143 890 3186 174,
906 3145 949 3195 (ed.
966 3144 1043 3199 1800.)
1063 3144 1100 3186 Cs.
1116 3144 1147 3186 K.
1162 3144 1190 3186 0.
1208 3143 1280 3187 Mus<-

189 3241 250 3274 uea,
268 3243 289 3268 o.
304 3242 324 3269 c.
339 3228 397 3268 Bnd.
412 3227 446 3267 11.
460 3239 482 3279 p.
498 3224 550 3268 450.
565 3227 614 3278 Ipse
628 3226 732 3266 Miiunen
745 3226 797 3266 huic
805 3227 899 3268 Herculi
907 3225 1029 3267 Asiaticam
1043 3225 1150 3280 originem
1162 3225 1279 3280 adsignat.

221 3310 270 3364 (60)
285 3311 419 3352 Pausiaca.
436 3307 616 3361 Quaest.Graer.
632 3320 654 3360 p.
669 3306 720 3349 304.
737 3308 811 3360 Quum
824 3323 836 3348 e
849 3305 918 3361 'l'roja
937 3314 1027 3348 avectus
1040 3305 1126 3347 scilicet
1144 3312 1281 3358 tempestate

189 3392 281 3434 adversa
295 3391 324 3431 ad
338 3389 399 3432 Grion
413 3389 539 3442 compulsus
553 3388 745 3437 assertionum,
767 3400 817 3429 curn
838 3387 976 3442 Meriopibus
997 3395 1071 3428 ortum
1090 3393 1124 3428 est
1143 3393 1278 3440 certamen;

190 3486 234 3528 quo
247 3473 355 3515 Hercules
375 3471 508 3526 defatigatus
530 3470 557 3511 ad
571 3470 690 3511 Thressam
711 3470 890 3511 adversariorum
911 3469 1031 3510 mulierum
1058 3467 1173 3530 confugit,
1196 3467 1280 3524 ibique

190 3557 274 3605 latuit,
294 3568 344 3597 cnm
359 3570 382 3597 se
399 3555 491 3596 texisset
508 3553 615 3594 muliebri
634 3557 703 3597 veste.
734 3553 825 3596 Nititur
836 3551 914 3593 forsan
927 3552 963 3592 bic
983 3551 1074 3606 mythos
1092 3556 1141 3591 tum
1161 3550 1278 3605 antiquis·

191 3639 248 3682 simo
262 3642 358 3680 Coorrrm
372 3637 444 3687 mori,
459 3617 554 3679 Herculi
565 3642 627 3678 veste
640 3635 747 3677 muliebri
760 3647 823 3676 sacra
836 3633 911 3675 facere
919 3664 925 3683 ,
941 3641 988 3675 turn
1002 3635 1043 3683 iis,
1064 3646 1120 3686 quae
1131 3638 1212 3673 narrat
1227 3634 1279 3674 Ho-

193 3719 323 3770 meruslll.
339 3707 362 3756 Ξ
374 3718 424 3764 250.
440 3724 509 3776 sqq.),
528 3720 652 3767 iunonem,
672 3724 788 3772 postquam
809 3716 933 3764 Hercules,
952 3713 1102 3769 Trojanorum
1121 3713 1178 3754 urbs
1191 3712 1283 3768 direpta

180 3806 221 3861 ¹ab
236 3803 280 3845 Ilio
293 3801 417 3856 navigavit
432 3801 534 3852 excitatis
548 3814 664 3844 saevorum
684 3805 803 3840 ventorum
818 3796 924 3845 flatibus,
938 3809 989 3838 eum
1003 3796 1030 3836 ad
1046 3796 1106 3838 Goon
1119 3791 1225 3836 detulisse
1245 3807 1278 3834 se·

194 3892 298 3939 paratum
319 3884 347 3923 ab
362 3883 464 3924 omnibus
478 3884 563 3947 amicis.
641 3936 645 3943 ¹

226 3967 273 4022 (61)
289 3968 357 4010 vna
372 3966 524 4010 Amoenitates
538 3967 791 4026 Philologicoanedirae.
808 3980 830 4019 p.
846 3965 896 4008 232.

226 4048 274 4107 (62)
290 4051 365 4098 Paos.¹
378 4048 409 4093 V.
425 4050 447 4092 8.
464 4049 497 4092 14.
