2754 4710
591 460 854 553 —1t5-·

146 637 214 676 nem
226 616 461 695 erantinsignes,
472 619 633 678 arctissime
646 621 711 698 conj
717 630 804 679 tincta
817 628 889 678 erat.
905 621 1005 692 Quum
1015 623 1096 681 enim
1104 623 1220 702 sapien-

143 731 189 779 tes
209 719 311 780 sedula
330 731 454 780 naturae
473 723 680 783 observatione
705 724 839 803 aliquam
861 724 925 800 ejus
948 725 1219 803 plraenomenorum

145 824 344 902 cognitionem
367 827 565 904 accepissent,
585 847 738 906 quumque
755 846 791 885 ex
813 827 868 895 iis,
895 847 970 905 quae
993 837 1079 886 antea
1105 830 1220 908 saepius

143 928 277 988 accidere
306 929 468 1004 vidissent,
495 951 562 990 curu
589 929 716 1009 quadam
748 929 927 988 certitudine
955 929 1122 1010 praedicere
1153 951 1221 1010 pos-

142 1041 229 1105 sent,
258 1031 333 1109 qnid
351 1042 427 1090 esset
442 1033 593 1102 futurum,
614 1031 735 1111 quando
754 1052 785 1091 se
805 1032 918 1108 eodem,
938 1052 997 1109 quo
1012 1041 1108 1109 antea,
1131 1034 1219 1091 modo

144 1153 192 1192 res
219 1132 383 1206 habebant,
416 1156 475 1192 non
504 1135 619 1213 potuit,
647 1139 721 1215 quin
750 1137 837 1195 rudes
864 1146 893 1194 et
923 1136 1033 1196 inculti
1053 1135 1141 1213 hujus
1155 1137 1225 1194 aevi

143 1236 299 1308 homines,
330 1259 399 1296 cnm
425 1238 501 1297 illud
523 1240 603 1297 inter
622 1261 738 1300 caussas
754 1249 784 1298 et
800 1239 937 1311 effectus,
963 1240 1013 1298 vel
1033 1239 1114 1298 inter
1134 1259 1220 1318 prae-

143 1339 234 1398 terita
253 1349 283 1398 et
301 1341 403 1399 sutura
424 1342 619 1401 necessarium
640 1343 797 1402 vinculum
820 1362 882 1401 non
903 1343 1119 1421 perspicerent,
1142 1345 1220 1401 Deos

143 1442 223 1520 ipsos
252 1464 320 1500 cum
350 1443 403 1516 iis,
435 1445 487 1522 qui
512 1446 555 1503 ita
571 1445 672 1504 lutura
689 1447 923 1521 annuntiabant,
950 1447 1070 1505 consilia
1087 1448 1220 1526 ipsorum

144 1547 376 1606 cornmunicasse
413 1558 573 1626 putarent,
607 1569 718 1630 eosque
756 1551 902 1629 sapientes
950 1561 1096 1630 tanquam
1137 1559 1221 1609 vates

143 1659 370 1708 venerarentur.
411 1651 470 1730 Ipsi
497 1662 611 1710 veteres
638 1665 773 1712 auctores
801 1652 920 1711 vatibus
939 1673 999 1710 non
1021 1655 1116 1711 solum
1136 1654 1219 1711 sutu-

142 1775 265 1830 rarum,
288 1756 337 1814 sed
366 1757 456 1815 etiam
487 1758 687 1836 praesentium
716 1767 745 1814 et
774 1755 1001 1833 praeteritarum
1030 1775 1132 1813 rerum
1151 1775 1219 1831 cog·

142 1858 291 1916 uitionem
312 1858 534 1937 adscripserunt
552 1858 641 1938 (76),
660 1860 785 1937 ideoque
804 1858 917 1936 optime
937 1857 1132 1931 indicarunt,
1151 1857 1221 1934 qui-

91 2006 96 2013 ·
143 1985 214 2021 nam
230 1970 315 2021 ¹essct
339 1964 406 2021 lons
430 1963 514 2021 illius
540 1966 578 2020 ab
603 1960 778 2040 aequalibus
803 1960 876 2017 adeo
905 1958 1038 2017 laudibus
1058 1959 1219 2017 celebratae

142 2066 217 2125 artis
242 2065 440 2126 vaticinandi.
481 2065 513 2124 Si
535 2085 608 2123 vero
633 2065 862 2138 auctoritatem,
890 2085 949 2141 qua
975 2065 1054 2143 apud
1081 2064 1218 2144 aequales

142 2173 308 2252 gaudebant
326 2174 489 2251 sapientes,
515 2189 635 2228 serrare
653 2169 780 2242 vellent,
797 2167 854 2225 hoc
873 2168 1009 2225 naturale
1019 2169 1100 2227 inter
1117 2186 1217 2226 rerum

143 2276 375 2354 praeteritarum
398 2287 428 2334 et
454 2274 627 2333 suturarum
651 2271 851 2350 cognitionem
872 2269 1029 2328 vinculum
1047 2269 1219 2328 hominibus

144 2381 316 2457 vulgaribus
338 2401 398 2438 non
428 2390 492 2438 erat
518 2376 735 2450 indicandum,
753 2374 803 2432 sed
823 2383 928 2433 contra
945 2373 988 2431 ita
1009 2375 1114 2432 sutura
1133 2382 1219 2431 erant

143 2484 356 2562 praedicenda,
379 2488 432 2559 ut',
453 2484 507 2564 qui
528 2483 606 2562 ipsos
622 2480 778 2552 audirent,
800 2497 849 2535 eos
866 2497 884 2534 a
901 2477 963 2535 Diis
982 2477 1141 2556 inspiratos
1158 2496 1217 2539 esse

143 2599 306 2668 putarent,
327 2611 434 2667 eosque
463 2589 575 2665 majore
610 2586 701 2645 etiam
727 2584 923 2643 admiratione
954 2593 1219 2664 prosequerentur.

144 2694 191 2750 lta
209 2692 245 2748 ab
265 2691 353 2748 initio
373 2691 497 2748 scientia
510 2691 565 2760 iis,
587 2690 641 2767 qui
661 2697 799 2746 sacrant
817 2688 978 2761 instructi,
1000 2690 1091 2748 simul
1108 2690 1216 2747 samam

144 2794 369 2856 vaticinationis
403 2794 511 2851 tribuit
518 2815 526 2867 3
561 2813 609 2850 eos
639 2802 739 2850 autem
768 2790 858 2849 simul
887 2792 1031 2850 sacrificia
1061 2793 1162 2852 fecisse
1188 2803 1219 2850 et

144 2897 330 2958 sacerdotum
357 2915 479 2952 munere
502 2915 562 2952 esse
586 2896 723 2963 functos,
751 2911 805 2970 per
827 2911 857 2948 se
877 2901 974 2969 patet3
1000 2894 1108 2973 quibus
1136 2895 1217 2951 enim

146 2998 246 3078 potius
257 3018 339 3056 sacra
350 2996 516 3054 ministeria
528 2996 734 3069 traderentur,
756 3014 846 3073 quam
867 2993 915 3068 iis,
938 2998 991 3074 qui
1008 2997 1073 3073 jam
1093 2996 1218 3055 arctiori

146 3121 215 3158 cum
236 3099 454 3158 immortalibus
474 3098 519 3156 uti
537 3098 750 3158 eorrsuetudiue
772 3097 992 3158 credebantur?
1034 3100 1101 3160 Non
1119 3100 1219 3178 potuit

143 3204 255 3282 igitur,
284 3203 359 3282 quin
388 3202 478 3262 simul
508 3223 575 3261 cum
593 3203 716 3261 caeteris
730 3201 863 3260 scientiis
881 3202 970 3259 etiam
999 3202 1147 3260 medicina
1166 3223 1218 3281 pe·

146 3329 198 3367 nes
219 3307 382 3366 sacerdotes
408 3316 550 3385 vatesque
568 3315 657 3391 esset.
698 3305 950 3379 Quemadmodum
974 3327 1048 3364 veru
1079 3308 1219 3367 vaticinia

145 3434 207 3472 non
235 3411 353 3491 vulgari
386 3430 539 3487 sermone,
573 3410 622 3468 sed
644 3409 813 3468 obscuriore
833 3420 863 3469 et
892 3409 1067 3488 mysterioso
1090 3409 1218 3489 quodam

144 3518 287 3592 edebant,
310 3519 352 3575 ita
381 3517 471 3574 etiam
500 3514 700 3589 medicinam,
725 3515 796 3574 licet
817 3515 932 3594 saepius
949 3516 1050 3573 forsan
1072 3515 1220 3573 naturali-

145 3624 198 3682 bus
226 3621 449 3680 medicamentis
475 3628 650 3694 uterentur,
683 3619 867 3698 mysteriosis
887 3619 1081 3677 caeremoniis
1099 3638 1219 3678 exerce-

174 3796 224 3849 (rs)
241 3794 278 3836 sn
292 3795 319 3834 as
333 3792 454 3834 Calchante
467 3799 517 3835 vate
530 3793 586 3834 arcu
597 3793 711 3834 resanius
732 3790 771 3844 (n.
785 3777 820 3827 A·
837 3789 884 3844 70.)
900 3786 913 3826 t
924 3776 975 3834 “Os
996 3770 1050 3844 ᾔδη
1072 3773 1104 3827 τά
1125 3773 1218 3828 τ’ὲόι-

145 3882 198 3925 τα,
226 3858 259 3913 tui
282 3854 472 3926 τ’ἓσσόμενω,
498 3857 553 3930 πρό
578 3853 724 3910 τ’ἔόνῖαι”
757 3872 1044 3927 cf.v1ao.oe0rg.Lib.
1061 3873 1215 3920 wasser:

406 3974 450 3999 n·-
465 3955 536 3998 Novit
549 3970 644 4010 namque
659 3957 813 4007 omniavatcs,

180 4053 183 4058 ·
259 4045 320 4097 Quas
332 4042 392 4091 siut,
411 4053 468 4094 quae
481 4039 583 4091 fuerint,
599 4052 655 4094 quae
675 4054 726 4083 mox
747 4045 842 4082 ventura
862 4037 1011 4080 transiture*

1059 4122 1101 4190 Ιιο
1123 4088 1126 4096 “
