2754 4710
583 491 620 502 -
665 456 784 512 30-

146 627 305 697 pravatos‚
329 614 472 696 nequead
492 614 651 694 prophotas
671 614 854 693 confugerat.
896 613 952 674 sed
970 613 1027 675 hoc
1046 615 1110 674 loco
1130 617 1220 676 mini·-

147 741 195 779 me
213 721 249 778 de
278 720 388 779 Levitis
417 727 469 777 est·
479 738 592 778 sermo:
615 727 696 777 etex
719 718 806 803 dictis
830 719 928 779 verbis
949 719 1008 781 hoo
1030 743 1126 781 unum
1152 743 1226 800 conf

145 826 233 886 ficere
250 846 424 905 possumus,
450 843 547 902 regem
568 844 587 880 a
609 821 724 880 tehova
750 816 846 882 morte
876 844 936 884 esse
967 825 1129 903 punitum,
1156 827 1288 908 quia...

146 931 321 1000 hominum,
342 916 433 1009 qoam
449 928 545 1008 Ipsius
564 925 679 986 auritio
696 928 789 1006 stragis
817 928 994 1000 confidebat,
1019 931 1066 991 uti
1093 932 1156 1008 jam
1175 953 1287 991 arr-

147 1044 194 1094 tea
215 1033 273 1116 (vs.
294 1029 341 1113 7.)
364 1035 444 1092 Deus
464 1030 493 1090 ei
514 1033 607 1091 iratus
637 1031 750 1107 suerat,
784 1037 857 1116 quia
885 1034 1000 1096 foederi
1020 1058 1089 1098 oum
1122 1039 1269 1118 Syra'ae:

144 1149 211 1220 rege
231 1135 323 1219 magis
333 1186 342 1215 ‚
364 1146 457 1218 qoam
473 1157 542 1196 com
555 1137 622 1215 Ipso
640 1136 754 1198 Jehova
771 1139 804 1197 in
821 1138 899 1198 bello
915 1162 985 1201 cum
1002 1141 1149 1204 Israelitis
1157 1165 1272 1205 con-

145 1246 215 1306 fisus
235 1253 299 1304 erat
319 1225 398 1322 (88).
439 1242 471 1302 si
497 1263 534 1301 ex
562 1241 627 1301 loco
652 1240 743 1302 citato
772 1244 889 1324 aliquid
912 1245 948 1304 de
974 1247 1124 1308 medicina
1149 1250 1264 1330 apml

144 1350 269 1424 Judaeos
291 1348 467 1411 concludere
483 1348 575 1422 ticet,
598 1367 645 1406 me
657 1346 775 1424 judice,
798 1369 837 1409 ex
856 1371 891 1408 eo
908 1353 1126 1433 potius'patet,
1153 1365 1263 1418 tunoe

143 1456 248 1518 saltem
267 1455 410 1535 temporis
425 1454 499 1513 alios
521 1452 670 1528 medicos,
692 1469 784 1530 quam
813 1455 979 1515 sacerdotes
1001 1457 1170 1518 exstitisse:
1196 1460 1248 1519 hi

144 1560 226 1620 enim
241 1559 267 1619 si
285 1559 411 1618 fuissent
430 1559 504 1619 Asae
523 1555 651 1633 medici,
672 1576 767 1637 quare
786 1557 919 1628 Jehora,
940 1563 995 1641 qui
1016 1562 1079 1641 Ipse
1097 1584 1146 1625 eos
1162 1584 1242 1626 me-

144 1663 228 1724 dicos
244 1671 389 1738 creasset,
412 1660 476 1740 regi
491 1660 587 1718 iratus
604 1659 722 1736 suerit,
739 1681 807 1720 non
825 1663 923 1723 video.
948 1665 1003 1725 ‚Et
1019 1667 1044 1725 si
1067 1668 1241 1748 prophetae

138 1768 222 1849 tter.
245 1768 321 1827 vro:
340 1765 404 1846 22.)
422 1767 473 1828 ver
493 1765 547 1825 am
569 1751 777 1824 rsrasrttarum
796 1766 1013 1849 (Ecclesiaste.
1033 1772 1071 1830 xz
1089 1774 1145 1848 11,
1168 1772 1240 1853 12.)

145 1873 182 1933 de
202 1871 328 1940 medicis
348 1872 518 1953 loquuntur
535 1870 585 1929 vel
596 1889 633 1930 ex
651 1889 757 1928 eorum
777 1888 902 1930 munere
921 1865 1078 1953 allegorias
1093 1886 1228 1948 sumunt,
1275 1878 1278 1885 ’

146 1979 270 2039 minime
294 1977 331 2037 de
352 1976 552 2039 sacerdotibus
572 1974 722 2055 cogitandi
742 1976 826 2037 locus
855 1987 909 2038 est.
951 1978 1145 2050 Quinetiam
1167 1997 1230 2040 non

145 2084 234 2146 credo
245 2131 254 2160 ,
274 2083 397 2144 dostram
415 2079 602 2142 Siraohidem
628 2068 712 2140 ci'ves
734 2079 928 2141 exhortatum
949 2082 1058 2160 fuisse,
1080 2093 1116 2145 ut
1136 2086 1228 2145 medi-

147 2209 218 2250 cum
236 2187 297 2248 suis
313 2187 454 2268 praemiis
470 2186 641 2253 afficerent,
667 2191 701 2242 ut
714 2181 863 2243 'haberent
882 2206 938 2262 ea,
967 2186 1076 2267 quibus
1093 2208 1169 2268 opus
1185 2207 1228 2248 es-

146 2303 192 2354 set
208 2290 337 2371 (Eccles.
358 2289 511 2350 XXXVIII:
535 2286 594 2367 -1.)‚
619 2286 645 2344 si
664 2295 739 2345 tunc
752 2309 755 2314 ·
769 2290 913 2368 temporis
934 2291 1117 2352 medicinam
1144 2312 1227 2353 exer·

148 2397 279 2457 ruissent
301 2395 487 2457 sacerdotes:
507 2391 541 2450 hi
568 2391 649 2449 enim
677 2391 757 2449 hisce
785 2393 925 2471 praemiis
955 2415 1016 2452 non
1049 2395 1225 2476 indigebant.

148 2490 270 2580 ltaque,
294 2508 333 2559 ut
348 2498 452 2579 paucis
472 2494 573 2559 omnia
600 2493 796 2568 contraham,
827 2517 866 2557 ex
890 2498 963 2570 iis‚·
978 2519 1056 2580 quae
1079 2502 1114 2560 in
1139 2501 1224 2561 sacris

149 2605 310 2665 codicibus
331 2604 367 2663 de
391 2600 540 2662 medicina
565 2597 771 2658 Israelitarum
802 2601 961 2679 habemus,
994 2625 1055 2664 non
1084 2606 1224 2667 conficere

113 2728 117 2735 ’
149 2727 323 2788 possumus,
343 2705 423 2766 hanc
441 2714 542 2764 artem
568 2700 731 2763 sacerdotes
760 2706 935 2768 exercuisse.

571 2916 765 2979 -Φᾩφ-

487 3101 829 3201 ¹osrorrr.

224 3275 274 3341 Dc
298 3277 558 3354 necessitudine,
589 3303 674 3368 quoe
692 3287 768 3343 erat
786 3280 875 3340 inter
902 3275 1090 3365 Prophetas
1110 3292 1141 3343 et
1173 3326 1175 3332 -

487 3418 492 3428 .
576 3373 787 3438 medicinam.

646 3543 662 3620 ξ
686 3546 731 3602 15.
771 3498 774 3504 ἠ

161 3710 173 3718 ’“
188 3702 332 3781 Sprengel
349 3701 384 3759 in
403 3723 493 3783 opere
513 3725 568 3763 suo
588 3695 713 3765 classico
735 3703 802 3786 (89)
822 3703 913 3780 dicit,
934 3700 1096 3784 prophetas
1111 3704 1222 3786 qnippe

175 3838 223 3913 (88)
239 3857 326 3900 scam.
339 3849 360 3900 ¹1.
376 3871 396 3911 q.
413 3873 437 3914 p.
452 3857 482 3902 34
497 3872 530 3914 sq.

178 3936 225 3996 (89)
241 3939 332 3994 Pragm.
349 3937 429 3981 Gesch.
445 3939 468 3982 d.
485 3938 545 3997 Med.
562 3937 607 3982 rh.
624 3939 644 3982 1.
661 3939 694 3982 ed.
714 3937 816 3994 1821.1›.
836 3936 891 3987 lll,
916 3937 1071 3994 112,',Etiam
1092 3939 1219 3982 rammas-

147 4034 194 4064 nms
211 4018 238 4072 (l.
254 4033 274 4062 c.
292 4033 314 4074 p.
331 4017 379 4076 31.)
396 4019 516 4074 prophetas
529 4019 584 4062 dicit
607 4021 696 4065 morbos
711 4035 789 4064 sanare
804 4026 826 4063 et
841 4019 945 4076 precibus
961 4028 983 4064 rt
997 4021 1170 4064 medicamentis.
1203 4019 1206 4022 ⁴
