2754 4710
580 467 801 528 -148—

148 631 237 690 multi
265 639 427 689 narrantur
459 649 542 688 casus
568 649 670 691 eorum
683 674 691 703 ,
724 630 776 707 qui
802 649 841 687 ex
867 627 958 687 simili
979 629 1175 689 melancholia
1196 653 1220 692 se

145 735 287 800 mulieres
312 743 418 815 putant
439 733 517 813 (80).
562 736 660 808 Quum
686 753 760 791 vero
786 734 837 791 vir
855 732 1033 792 auctoritate
1054 735 1221 793 sacerdotali

147 839 301 915 munitus,
336 840 379 898 uti
397 848 463 898 erut
482 838 664 916 Melampus,
691 837 744 914 qni
762 845 827 894 arte
844 836 1033 897 vaticinandi
1051 848 1117 896 erat
1136 839 1220 918 insig·

146 945 210 1018 nis,
246 964 335 1023 quam
358 944 384 1001 ei
405 952 555 1022 serpentes
575 961 667 1020 puero
689 961 776 1000 aures
794 943 954 1002 lambentes
974 945 1112 1002 tribuisse
1129 945 1224 1004 crede-

145 1049 254 1107 bantur
280 1045 358 1129 (81),
391 1045 501 1126 quique
528 1044 631 1102 avium
665 1065 815 1104 sermones
845 1047 1013 1128 intelligere
1039 1050 1224 1109 existimaba-

145 1163 194 1210 tur
221 1150 303 1229 (82),
332 1170 424 1229 quum
445 1149 513 1206 talis
534 1148 585 1208 vir
603 1148 631 1206 ei
653 1148 793 1207 audacter
810 1152 1024 1226 annuntiaret,
1043 1153 1142 1232 ipsum
1160 1175 1225 1234 pro-

146 1256 262 1333 geniem
293 1261 519 1330 procreaturum
532 1295 558 1328 ,-
575 1251 652 1331 quod
680 1273 715 1312 ex
746 1252 850 1312 avibus
867 1275 898 1313 se
919 1256 1064 1335 accepisse
1080 1257 1162 1317 dixit
1178 1279 1227 1318 va-

145 1368 200 1430 tes,
221 1356 361 1436 Iphiclus,
383 1357 485 1414 morbo
509 1377 562 1414 sno
581 1356 705 1414 mentali
730 1377 785 1435 per
805 1357 976 1436 psychicum
997 1360 1164 1419 remedium
1186 1383 1226 1421 sa-

146 1472 253 1529 natus,
285 1479 346 1517 uon
376 1458 503 1538 amplius
540 1459 622 1518 coitu
654 1461 804 1520 abstinens
841 1465 1011 1543 progeniem
1042 1468 1225 1544 procreavit:

147 1564 267 1644 qualem
287 1562 402 1645 exitpm
429 1563 612 1641 Melampus,
631 1567 808 1624 auctoritate
835 1589 885 1626 sua
912 1570 991 1648 opud
1009 1572 1148 1650 aequales
1172 1574 1227 1632 lre·

148 1682 216 1743 tns,
242 1667 383 1727 audacter
413 1668 613 1748 praedixerat.
659 1667 728 1726 Alio
745 1668 832 1727 modo
855 1682 953 1730 autem
983 1673 1042 1752 egit
1071 1675 1227 1755 Melampus

143 1782 262 1847 noster,
307 1794 401 1853 quum
430 1773 564 1831 furorem
596 1771 804 1831 Proetidarum
834 1786 1078 1857 caeterarumque
1105 1781 1227 1860 Argiva-

145 1899 214 1936 rum
232 1888 359 1935 sanaret.
402 1880 447 1934 De
463 1875 601 1954 prognosi
624 1876 675 1934 hic
695 1876 773 1934 nihil
790 1879 938 1958 legimus,
958 1882 1009 1940 sed
1024 1903 1088 1941 eam
1111 1885 1226 1943 dubiam

146 1982 252 2056 luisse,
276 2002 311 2040 ex
332 2001 367 2038 eo
385 1981 531 2054 conficio,
554 1979 633 2058 quod
651 2001 712 2037 non
739 1981 797 2040 nisi
824 1985 937 2062 magnis
960 1986 1101 2064 praemiis
1129 2007 1228 2067 expos·

145 2086 266 2160 tulatis,
289 2096 371 2144 vates
391 2085 575 2145 curationem
596 2082 742 2160 suscepit:
762 2086 844 2164 quod
864 2096 965 2146 autem
985 2089 1022 2146 ad
1045 2093 1226 2152 rurationem

145 2189 263 2264 attinet,
275 2189 355 2248 hanc
365 2189 409 2247 ita
419 2187 561 2254 instituit,
572 2184 820 2262 quemadmodum
829 2191 942 2268 optime
953 2193 1032 2252 Deus
1041 2194 1137 2255 iratus
1147 2196 1228 2275 (Bae-

145 2293 231 2373 chus)
239 2294 288 2352 vel
298 2297 361 2354 Dea
371 2293 448 2351 irata
460 2293 490 2372 (J
496 2289 567 2370 uno)
578 2288 691 2369 placari
699 2301 806 2367 posset,
817 2294 907 2352 sacris
918 2314 1021 2375 nempe
1029 2303 1229 2364 caeremoniis.

146 2400 273 2457 Salutari
283 2397 391 2457 effectu
400 2397 490 2455 etiam
502 2396 574 2455 haec
585 2395 709 2454 curandi
720 2395 876 2456 methodus
884 2397 1091 2478 inpuellarum
1104 2417 1226 2466 mentem

146 2501 305 2560 alienatam
319 2522 379 2559 non
389 2501 497 2574 caruit,
510 2520 579 2557 nam
592 2517 694 2556 omnes
704 2498 936 2587 convaluerunt,
949 2522 1010 2560 una
1021 2516 1151 2584 excepta
1164 2519 1230 2568 natu

143 2604 273 2663 maxima
292 2603 433 2682 lphinoti,
447 2622 523 2684 quae
531 2601 652 2659 heroica
660 2600 713 2658 illa
732 2599 928 2662 medicatione
940 2605 1038 2685 impar
1050 2609 1229 2692 (Melampus

142 2709 222 2768 enim
244 2707 441 2768 validissimos
458 2708 585 2784 juvenes
601 2704 714 2764 ducens
729 2725 798 2765 cum
818 2706 948 2768 clamore
965 2721 995 2768 et
1013 2713 1232 2779 enthusiastiea

143 2813 300 2871 saltatione
320 2812 386 2871 illas
405 2833 442 2871 ex
466 2809 618 2869 montibus
643 2809 680 2867 ad
702 2810 860 2890 Sicyonem
880 2827 1053 2892 persecutus
1074 2823 1159 2902 est),
1195 2835 1236 2884 est

142 2928 263 2977 mortua
291 2915 369 2999 (83).
413 2917 510 2994 Hujus
541 2935 618 2972 mors
648 2925 748 2972 tamen
777 2915 855 2973 nihil
881 2919 1052 2979 auctoritati
1084 2933 1116 2983 et
1135 2925 1232 2988 lamae

153 3114 156 3120 Ι
173 3134 222 3194 (80)
239 3106 404 3182 Fnrsonsrcn,
421 3133 635 3188 Literiirgeschichtc
649 3133 688 3174 der
703 3128 891 3189 Pstbologie'und
905 3135 1017 3192 Thsrspis
1030 3139 1070 3180 der
1085 3144 1237 3199 psychischffl

142 3216 316 3265 xnnkteiten,
335 3212 401 3257 1⁸30.
422 3228 447 3268 p.
462 3212 491 3256 34
512 3226 546 3266 sq.
579 3215 641 3256 nDer
654 3218 698 3257 lixo
712 3215 807 3266 Wahn,
821 3216 890 3260 Wsib
903 3232 930 3258 su
943 3231 1013 3275 seyn,
1028 3221 1057 3262 ist
1069 3221 1139 3267 heina
1154 3241 1181 3270 ω
1194 3229 1236 3270 ⁸01.

141 3305 180 3340 ten
201 3297 375 3341 vorkomurensls
397 3296 531 3352 psychischs
557 3297 702 3347 Kranlsheit,
723 3297 769 3339 und
788 3297 820 3339 ist
840 3298 909 3340 sehon
929 3299 975 3342 fast
995 3304 1083 3346 iiberall
1103 3309 1238 3354 bonbachtet

138 3379 255 3421 wordsn.''
286 3377 323 3421 Cf.
345 3377 462 3432 exempla,
484 3389 540 3431 quae
559 3385 638 3419 auctor
658 3391 685 3418 ex
704 3376 834 3426 Dosvtttio,
854 3378 973 3432 Grubero,
994 3383 1118 3439 Gmelino,
1137 3391 1236 3448 aliisqn.

140 3463 217 3506 affert.
1168 3464 1171 3469 '

170 3543 219 3598 (81)
236 3545 355 3587 Assoron.
371 3543 392 3585 1.
408 3545 430 3586 9.
448 3541 483 3586 lt.
499 3557 521 3598 p.
538 3543 576 3586 48.

170 3623 219 3676 (82)
236 3624 273 3667 Cf.
287 3626 391 3666 Pnsrc.
405 3629 429 3666 et
440 3624 558 3665 Aesacon.
575 3624 604 3666 11.
618 3638 651 3668 cc.
666 3626 690 3668 in
702 3634 780 3671 annot.
795 3629 832 3671 77.

171 3704 221 3762 183)
236 3687 420 3758 μετήλλαξεν·
436 3705 563 3747 Srnsscsr.
580 3706 672 3758 (Gesch.
686 3711 709 3753 d.
726 3711 842 3766 Arzueyk.
855 3712 885 3755 T.
899 3713 919 3755 l.
934 3728 957 3768 p.
974 3713 1024 3758 151.
1045 3717 1080 3761 sd.
1106 3719 1176 3767 1⁸21.
1201 3725 1235 3782 Ε).

141 3786 214 3827 Bsitr.
230 3801 250 3827 s.
265 3786 347 3829 Gesch.
362 3786 385 3828 d.
400 3786 459 3828 Meti.
474 3788 508 3830 St.
525 3786 547 3830 2.
568 3803 591 3842 p.
605 3785 654 3842 53.)
670 3790 711 3832 hoc
726 3790 821 3832 verbum
838 3807 877 3848 per
890 3797 1078 3841 reconvalescere
1095 3800 1235 3860 interpoeu.

140 3875 188 3910 tur.
221 3867 467 3910 hlecumsaeitSsiins
487 3868 528 3920 (fr.
550 3871 656 3914 Pssnsc.
683 3887 707 3927 p.
729 3871 789 3927 126.)
808 3858 1020 3926 μθῐὰλλασθδιν
1035 3893 1066 3922 sc.
1092 3864 1146 3919 cdv
1167 3868 1236 3939 βιὸν

141 3967 182 4007 per
206 3951 269 3995 niori
290 3950 449 4007 interpretans.
480 3952 538 3994 Cum
552 3960 654 3995 auctores
667 3956 694 3996 de
712 3961 768 3997 natu
789 3955 887 3997 maxima
906 3971 951 3999 non
971 3959 1069 4013 amplius
1090 3963 1237 4017 loquantur,

142 4049 240 4101 euinque
254 4034 443 4076 concredemlum
462 4034 505 4084 sit,
525 4034 593 4084 huic,
614 4036 702 4080 etiamsi
715 4037 878 4088 convaluisset,
900 4039 1049 4085 lustrationes
1064 4058 1111 4091 nou
1131 4061 1238 4096 necessu·
