2754 4710
641 458 862 516 -110-

219 622 300 702 quod
329 620 365 677 etl
394 618 478 677 illam
509 622 689 697 poyouroxov
713 617 867 697 Ilithyiam
895 618 1018 693 attinet,
1056 617 1131 677 haee
1165 616 1303 675 Latonae

217 735 296 785 certe
319 723 449 783 inlausta
473 723 563 781 luisse
587 742 647 779 non
669 720 802 791 videtur,
843 721 894 781 cui
924 720 983 796 jam
1011 740 1065 799 per
1092 738 1209 779 novem
1239 719 1301 779 dies

219 837 377 905 noctesque
402 825 518 884 dolores
540 825 658 905 spurios
684 845 838 905 perpessae
860 844 947 904 opem
969 824 1056 900 tulit3
1072 823 1210 884 infausta
1228 844 1303 883 vero

218 933 246 990 ei
275 942 340 990 erat
366 931 446 990 luno
459 976 468 1005 ‚
499 949 574 1008 quae
601 928 695 987 filiam
721 927 758 986 ad
785 927 840 986 hoc
859 946 956 1007 usque
973 937 1091 1006 tempus
1105 927 1302 1002 retinuerat,

216 1036 311 1117 donec
334 1044 464 1093 caeterae
493 1032 618 1112 Olympi
656 1032 737 1099 Deae
766 1032 845 1090 hanc
872 1040 1113 1108 commoverent,
1150 1032 1304 1111 promisso

219 1139 325 1199 monili
349 1158 455 1216 magno
478 1135 576 1195 aureis
599 1134 657 1194 tilis
675 1144 834 1210 contexto,
861 1145 895 1193 ut
921 1135 1047 1195 miserae
1062 1134 1217 1194 auxilinm
1238 1134 1304 1194 ser-

218 1254 265 1303 ret
284 1242 361 1323 (28).
402 1242 442 1301 Et
465 1240 545 1321 quod
565 1239 641 1298 illud
660 1239 789 1298 alterum
808 1238 972 1297 infaustum
995 1237 1152 1316 epitheton
1166 1239 1304 1315 attinet,

219 1349 324 1414 ὠδίνας
350 1349 458 1418 ἔχουσα
486 1344 602 1402 dolores
632 1342 764 1417 habeas,
786 1340 842 1400 hoo
863 1339 941 1400 nihil
961 1339 1086 1400 infausti
1106 1340 1296 1420 significare,

217 1470 256 1509 ex
281 1469 317 1507 eo
342 1456 445 1526 patet,
472 1446 553 1526 quod
581 1445 679 1503 omnis
704 1453 824 1523 partus,
848 1446 939 1504 etiam
953 1443 1159 1514 felicissimus,
1179 1442 1303 1503 dolores

219 1574 286 1613 suos
308 1551 415 1625 habet,
445 1550 517 1628 qui,
539 1559 575 1606 ut
600 1547 785 1626 parturiendi
816 1557 899 1607 actus
927 1547 1002 1606 bene
1029 1547 1187 1626 procedat,
1211 1547 1304 1608 valde

220 1655 378 1716 necessarii
404 1665 490 1730 sunt;
524 1654 624 1714 eodem
658 1673 745 1712 sensu
772 1649 897 1729 llithyia
928 1650 1017 1709 etiam
1049 1648 1161 1709 dicitur
1193 1649 1307 1717 habere

218 1769 340 1820 acutum
366 1759 479 1835 telum,
507 1761 559 1825 ὀξδ
593 1761 677 1835 pitter
705 1755 784 1837 (29t.
823 1754 964 1813 Homerus
985 1773 1094 1833 porro,
1122 1751 1173 1813 ubi
1194 1753 1235 1815 de
1249 1753 1305 1813 lli-

219 1862 316 1943 thyiis
334 1863 368 1920 iu
386 1862 497 1941 plurali
512 1861 647 1940 loquitur
657 1906 666 1936 ,
686 1880 747 1919 non
766 1859 847 1916 inter
864 1856 991 1923 faustam
1010 1865 1040 1915 et
1056 1856 1221 1916 infaustam
1242 1856 1306 1916 dis-

221 1967 349 2051 tingnit‚
370 1965 420 2026 sed
437 1974 502 2040 eas,
531 1965 615 2023 nullo
633 1962 808 2022 discrimine
829 1961 927 2035 sacto,
948 1966 1169 2042 μαγαστόκαυς,
1195 1962 1306 2030 ὠδίνας

223 2074 345 2144 §bovone
363 2078 394 2128 et
415 2071 466 2134 ὀξδ
489 2072 573 2145 βέλος
593 2067 733 2125 habentes
752 2075 852 2139 vocat3
873 2064 1006 2142 dicitque
1032 2063 1094 2123 alio
1120 2063 1189 2122 loco
1215 2062 1306 2146 (30),

221 2173 388 2246 lunonem,
414 2192 483 2231 cum
511 2170 681 2250 parturiens
706 2178 781 2227 esset
801 2152 962 2243 Alcmena,
989 2166 1151 2228 retinuisse
1164 2166 1312 2248 Ilithyias

223 2275 269 2357 (in
298 2274 440 2356 plurali):
470 2275 575 2355 itaque
598 2282 629 2332 et
650 2272 779 2332 faustam
801 2282 833 2332 et
849 2272 1028 2348 infaustam3
1046 2293 1138 2352 quam
1154 2271 1312 2333 recentio-

224 2400 295 2440 rum
323 2378 548 2437 distinctionem
574 2377 599 2435 si
625 2376 741 2436 fecisset
766 2375 930 2452 Homerus,
961 2375 1013 2436 hic
1033 2375 1072 2435 de
1090 2373 1160 2434 miti
1181 2374 1313 2455 Ilithyis

223 2480 430 2540 tantummodo
448 2478 554 2555 fuisset
574 2480 702 2540 locutus·
743 2481 838 2554 Sunt,
870 2479 923 2557 qui
940 2479 1042 2539 dicant
1057 2475 1126 2559 (31)
1141 2477 1314 2538 infaustam

223 2584 380 2665 Ilithyiam
400 2594 549 2663 tauquam
569 2583 733 2644 veneticam
757 2584 956 2661 (φαρμακίδα)
975 2582 1074 2642 fictam
1091 2580 1202 2641 fuisse:
1219 2584 1314 2661 juxta

223 2689 289 2748 hos,
308 2696 443 2747 auctores
476 2685 676 2747 foeminarum
704 2686 881 2763 simulacra,
900 2707 977 2767 quae
995 2685 1106 2746 Thebis
1124 2685 1162 2744 sd
1180 2686 1313 2748 domum

227 2791 459 2872 Amphitryonis
475 2801 579 2863 erant,
601 2809 764 2869 quaequea
774 2790 924 2851 Thebanis
934 2791 1082 2852 veneficae
1095 2794 1312 2870 (φαρμακίδες)

226 2896 427 2963 vocabantur,
454 2896 492 2955 ad
522 2896 660 2975 Ilithyias
675 2906 746 2955 sunt
762 2895 927 2956 referenda.
969 2895 1024 2956 Sed
1044 2915 1083 2955 ne
1101 2894 1186 2955 hunc
1206 2897 1312 2957 locum

227 2999 389 3063 Pausaniae
421 2999 634 3075 adhibeamus,
660 3009 696 3058 ut
712 3002 881 3079 probemus,
904 3002 1063 3063 Homerum
1085 3001 1167 3060 inter
1181 3002 1316 3062 faustam
1367 3004 1370 3009 ’

227 3115 258 3165 et
293 3103 458 3164 infaustam
495 3103 650 3183 Ilithyiam
679 3103 868 3165 distinxisse:
895 3106 1046 3165 veneticae
1072 3104 1154 3164 enim
1187 3105 1269 3165 istae
1298 3127 1316 3164 a

229 3210 347 3270 lunone
372 3210 484 3269 missae
501 3228 562 3267 esse
587 3206 777 3280 dicebantur,
797 3218 833 3268 ut
852 3209 1066 3290 impedimento
1085 3217 1183 3268 esseut
1202 3221 1316 3290 partu-

228 3313 321 3372 rienti
337 3314 513 3373 Alcmenae:
532 3313 611 3392 apud
635 3313 795 3372 Homerum
820 3330 893 3371 vero
909 3311 989 3373 Juno
1008 3311 1147 3391 Ilithyias
1166 3312 1314 3385 ratioet,
1363 3390 1368 3401 Ι

228 3435 267 3476 ne
284 3426 403 3496 parturn
422 3423 632 3494 promoveant:
656 3420 835 3495 φαρμακίδες
852 3418 956 3498 itaque
974 3420 1047 3478 istae
1065 3418 1191 3478 llomero
1205 3419 1317 3499 incog-

230 3519 310 3578 nitae
339 3527 443 3594 erant,
470 3537 568 3598 neque
597 3518 684 3577 oredo
708 3518 745 3577 de
768 3519 901 3580 inlausta
932 3521 1054 3601 llithyia
1080 3520 1161 3582 buno
1188 3530 1316 3602 poetm

262 3715 311 3770 (tt)
327 3718 414 3772 Hymn.
429 3717 527 3759 nouas.
542 3715 563 3759 1.
578 3730 612 3758 rs.
627 3716 658 3759 ts
670 3727 719 3769 sqq.

260 3796 310 3851 ns)
326 3797 353 3841 11.
366 3783 402 3833 A.
416 3811 450 3841 v..
465 3795 516 3865 ras.
987 3795 1037 3855 (so)
1052 3797 1078 3841 u.
1100 3784 1130 3834 T·
1143 3811 1179 3841 α.
1199 3797 1251 3843 us.

262 3874 311 3935 (at)
328 3877 465 3926 Sraaroau,
478 3876 496 3920 l.
511 3889 531 3918 e.
547 3875 681 3926 Bt'rraross,
696 3875 716 3917 1.
733 3890 757 3918 c.
774 3892 801 3933 p.
816 3877 846 3922 ³9
859 3891 896 3932 sq.

260 3959 310 4018 (³2)
324 3959 393 4004 ΡΜ
406 3957 448 4003 lx'
468 3971 489 4002 ο·
505 3956 540 3999 ¹¹²
554 3941 751 4012 Μμφθῆνω
770 3935 802 3996 δὲ
824 3939 880 3999 istd
904 3944 953 4011 τῆς
981 3944 1078 4018 ‘'Hpug
1096 3960 1189 4021 Puero·
1217 3941 1317 4017 ἐμπό-

232 4047 284 4104 δια
302 4037 380 4103 εἶναι
398 4051 462 4107 ταῖς
482 4039 585 4099 ὧδίσικ
604 4042 796 4117 ’Λλκμήκρς.”
1258 4034 1265 4042 ·
