2754 4710
645 430 844 490 ..ug..

124 599 128 607 '
216 598 387 671 „nd11m3et
399 591 478 671 quod
491 592 528 650 ad
539 591 623 650 illam
635 592 840 672 impuritatem
854 608 908 669 per
918 597 1029 668 septem
1041 588 1114 666 dies,
1127 592 1285 670 magisve·

208 697 342 763 sisimile
351 696 427 754 mihi
440 695 578 772 videtur,
600 695 678 754 hanc
698 694 846 754 exercitui
858 693 948 752 fuisse
961 686 1154 773 impositam,
1178 704 1213 752 ut
1229 695 1285 752 toti

201 801 312 881 populo
333 801 546 872 innotesceret,
571 811 717 879 quantum
736 799 851 858 crimen
871 807 946 856 esset
963 797 1151 872 idololatria,
1173 799 1285 877 quippe

200 916 298 985 quaet
309 906 378 985 ipsi,
389 907 440 984 qui
464 903 573 983 impios
591 902 742 962 idolorum
755 902 883 961 cultores
902 901 1062 981 punierant
1071 947 1080 978 ,
1104 923 1157 980 per
1172 912 1285 982 septem

186 990 264 1071 dies
275 1010 389 1091 impuri
405 1009 611 1069 redderentur.
651 1007 775 1066 Iteratio
787 1014 888 1063 autem
908 1004 983 1084 legis
1002 1005 1039 1073 de
1059 1005 1285 1063 circumcisione

201 1115 274 1196 (Jos.
284 1115 321 1173 V.
344 1116 378 1190 2)
397 1115 468 1174 satis
481 1113 649 1191 explicatur
666 1131 703 1170 ex
722 1111 823 1190 priore
842 1110 868 1190 (Ι
890 1111 963 1170 Mos·
984 1096 1080 1172 XVII.
1106 1111 1239 1191 lit-lt)
1258 1121 1288 1170 et

190 1219 293 1284 ¹altera
316 1218 378 1292 (ΙΙΙ
408 1218 481 1276 Mos.
500 1216 572 1275 Xll.
599 1213 642 1293 3.)
673 1214 762 1291 hujus
787 1215 863 1273 ritus
883 1215 1074 1275 institutione
1083 1224 1103 1292 3'
1126 1219 1181 1297 qui
1199 1218 1286 1292 ritus,

199 1345 267 1401 cum
295 1323 422 1381 durante
447 1320 557 1378 itinere
584 1339 639 1397 per
656 1319 771 1377 deserta
796 1320 900 1379 fuisset
929 1321 1097 1399 neglectus,
1119 1322 1172 1379 tali
1196 1323 1288 1380 itera-

201 1431 299 1495 tione,
323 1435 483 1502 antequam
497 1425 625 1504 populus
644 1424 847 1483 chananaeam
870 1424 1094 1504 ingrederetur,
1105 1426 1285 1505 valdequam

199 1531 368 1608 indigebat3
389 1528 504 1607 priores
520 1548 593 1586 vero
610 1527 700 1605 hujus
716 1528 794 1587 ritus
812 1530 1031 1604 institutiones,
1057 1532 1109 1589 diu
1120 1542 1284 1612 antequam

201 1657 273 1697 cum
300 1634 491 1694 Moabitarum
526 1633 700 1692 mulieribus
727 1644 909 1694 scor-tacetur
938 1637 1081 1715 populus,
1116 1637 1215 1694 locum
1232 1637 1285 1710 lia-

200 1740 337 1800 buerant.
381 1726 540 1813 Attamen,
563 1758 657 1816 quum
677 1748 781 1797 auctor
799 1739 832 1810 iu
847 1759 936 1818 opere
949 1741 1069 1799 laudato
1088 1741 1284 1820 abuudepro·

201 1844 333 1915 baverit,
369 1841 539 1901 affectiones
569 1842 701 1920 partium
720 1843 895 1921 genitalium
914 1844 1064 1904 morbosas
1083 1867 1188 1904 revera
1207 1847 1285 1925 apud

200 1959 316 2009 veteres
332 1947 480 2006 exstitisse
496 1968 532 2005 ex
555 1967 719 2026 eorumque
741 1931 884 2006 dissoluta
904 1949 985 2033 vitae
1006 1953 1122 2009 ratione
1139 1952 1284 2031 originem

200 2055 338 2129 drrxisse,
356 2073 426 2112 cum
445 2051 546 2129 aliqua
568 2052 634 2110 veri
654 2050 750 2130 specie
765 2051 912 2109 affirmare
931 2073 1104 2131 possumus,
1125 2055 1205 2133 apud
1221 2055 1285 2113 Mo-

200 2159 294 2218 abitas
324 2167 355 2215 et
384 2155 582 2230 Medianitas,
612 2175 742 2232 qnorum
765 2175 861 2213 mores
888 2157 1023 2215 dissoluti
1051 2161 1123 2218 satis
1140 2181 1179 2218 ex
1197 2160 1285 2220 sacris

202 2264 358 2326 (lodicibus
384 2272 415 2320 et
442 2281 480 2320 ex
512 2259 633 2336 losephi
663 2264 839 2319 narratione
862 2259 947 2317 nobis
971 2261 1179 2338 innotescunt,
1212 2258 1285 2324 tunc
1375 2268 1376 2273 ’

200 2367 344 2447 temporis
359 2365 491 2443 partium
512 2361 686 2442 genitalium
705 2361 874 2420 affectiones
892 2363 1058 2439 exstitisse,
1079 2366 1152 2425 adeo
1171 2368 1286 2437 utcir-

201 2468 342 2530 cumeisio
361 2466 503 2525 Israelitis
519 2466 600 2523 hanc
611 2465 775 2524 utilitatem
789 2465 944 2537 habuerit,
969 2477 1023 2542 nt,
1047 2470 1194 2549 siquando
1216 2495 1283 2533 cum
1328 2544 1333 2555 θ

202 2573 294 2634 loedis
327 2570 504 2630 mulieribus
535 2588 598 2627 rem
616 2569 806 2647 habuissent,
828 2593 845 2628 a
864 2572 1000 2649 contagio
1018 2573 1167 2635 immunes
1187 2598 1284 2638 rema-

202 2685 324 2735 nerent:
348 2674 420 2734 licet
440 2692 503 2748 non
516 2672 655 2747 credam,
678 2674 800 2732 Josuarn
819 2672 897 2732 hanc
919 2675 955 2733 ab
975 2678 1107 2737 caussam
1126 2680 1298 2744 circumci-.

202 2778 293 2840 sionis
313 2770 407 2858 legem
426 2777 525 2847 denuo
541 2777 718 2837 instituisse.

212 2879 216 2886 ’
243 2884 301 2945 Sed
319 2883 472 2943 redeamus
490 2883 528 2941 ad
549 2883 673 2963 Apionis
695 2885 830 2943 morbum
851 2896 882 2945 et
903 2887 1115 2948 carbunculam
1128 2876 1287 2965 ,Philonis
1325 2957 1330 2966 ,

201 2976 288 3049 Licet
306 2986 651 3066 itaquefieripotuerit,
673 2999 708 3046 ut
725 2989 842 3068 Apion,
866 2992 920 3051 uti·
931 3003 1037 3072 putare
1056 2994 1179 3055 videtur
1190 2996 1287 3055 Hens-

200 3094 263 3168 ler‚
285 3113 324 3151 ex
353 3079 514 3151 concubitu
539 3113 608 3152 cum
629 3093 755 3152 muliere
774 3093 859 3151 foeda
875 3094 931 3152 sibi
951 3116 1076 3174 gravem
1091 3098 1184 3157 illum
1204 3110 1287 3164 mor,-

200 3195 271 3258 buni
303 3199 506 3272 contraxerit,
539 3207 640 3256 tamen
666 3186 756 3258 etiam
788 3207 874 3256 extra
898 3199 1011 3257 coitum
1040 3201 1143 3259 morbo
1165 3203 1306 3283 mortali

200 3300 376 3380 genitalium
404 3299 526 3360 affectus
557 3302 648 3360 fuisse
673 3302 836 3381 potestpsi
865 3322 972 3382 nempe
999 3305 1054 3362 illo
1079 3306 1179 3380 vitio,
1203 3307 1284 3386 quod

191 3403 351 3484 <phimosin
372 3406 561 3484 congenitam
580 3412 807 3485 nuncupamus,
827 3404 1015 3466 laboraverit.
1058 3411 1204 3470 Cullerier
1215 3411 1281 3494 (58)

200 3509 290 3580 dicit,
328 3507 407 3586 apud
433 3508 563 3588 phimosi
590 3509 773 3577 laborantes,
807 3531 901 3588 quum
923 3512 1046 3590 puberes
1065 3513 1157 3589 fiunt,
1183 3517 1282 3575 sebum

200 3614 313 3691 majore
333 3615 419 3693 copia
444 3616 575 3674 secerni:
600 3635 653 3693 per
672 3615 842 3692 frequentes
864 3617 1036 3705 erectiones
1046 3618 1128 3696 glans
1138 3629 1235 3679 tumet
1254 3630 1282 3679 et

200 3720 460 3798 compressionem·
478 3721 608 3798 patitnr3
643 3737 698 3797 per
721 3718 800 3778 hanc
819 3724 1066 3799 compressionem
1079 3726 1157 3801 ,nti
1177 3736 1207 3784 et
1225 3746 1280 3807 per

198 3826 259 3884 sebi
278 3825 564 3898 accumulationem,
591 3825 734 3905 oriuntur
759 3825 963 3904 irritationes,
985 3829 1238 3890 inflammationes
1252 3840 1280 3890 et

200 3933 481 3950 Μ

229 3958 277 4015 (58)
294 3958 394 4019 Diction.
411 3958 432 3999 d.
450 3956 486 3997 Sc.
503 3954 559 3995 me'd.
579 3953 644 3997 Tom.
665 3955 728 3996 XLI.
747 3969 769 4009 p.
787 3952 831 3997 325
845 3968 880 4011 sq.
