2754 4710
580 453 804 513 *123-

150 617 227 675 riam
247 616 356 695 templa
374 610 472 673 ubivis
487 611 583 671 eidem
601 613 803 689 struebantur,
825 623 854 671 et
875 611 936 692 ipse
961 612 1125 672 medicinae
1144 630 1230 692 prae-

149 721 255 799 cipuus
281 722 361 777 Deus
390 717 526 776 tutelaris
553 727 597 776 est
623 716 764 791 habitus,
792 736 885 795 quare
910 717 1077 776 accuratius
1106 717 1143 776 ‹le
1174 737 1227 791 eo,

148 827 272 904 ejusque
300 831 427 903 persona
452 832 484 881 et
508 818 624 901 origiue
643 833 688 881 est
712 820 922 900 indagandum.
963 820 1041 880 Eum
1061 823 1229 883 vetustissi-

149 950 232 988 mum
259 938 411 988 auctorem
442 927 610 986 medicinae
640 926 673 984 in
699 925 789 986 initio
813 926 896 985 Libri
915 927 1007 1006 primi
1026 928 1063 986 de
1080 928 1230 987 Medicina

150 1041 240 1091 vocat
271 1031 387 1106 Celsus,
420 1031 493 1109 qui,
516 1029 658 1110 quoniam
677 1031 782 1089 rudem
809 1041 839 1089 et
860 1033 1013 1112 vulgarem
1037 1032 1113 1091 harre
1131 1033 1228 1091 scien·

148 1138 224 1195 tiam
250 1136 350 1215 paullo
378 1135 515 1194 subtilius
543 1133 690 1210 excoluit,
713 1135 746 1193 iu
771 1136 897 1194 lleorurn
915 1156 1077 1195 nnmerum
1095 1144 1229 1214 receptus

146 1250 201 1298 est.
252 1239 380 1299 Historia
408 1240 519 1299 veteris
546 1239 637 1316 huJus
672 1239 780 1300 medici
808 1241 911 1299 multis
942 1240 1048 1300 sabulis
1077 1241 1230 1298 obscurior

148 1345 304 1417 redditur,
334 1363 429 1424 neque
453 1343 512 1423 ipsi
531 1354 647 1403 veteres
667 1352 803 1403 auctores
823 1344 1009 1404 conveniunt
1028 1345 1065 1403 de
1084 1345 1147 1422 ejus
1167 1344 1230 1401 ori·

149 1449 217 1527 gine
246 1455 277 1506 et
304 1447 341 1504 de
364 1458 512 1526 tempore,
539 1467 599 1526 quo
627 1456 767 1524 tanquam
797 1446 873 1507 Deus
894 1451 933 1506 sit
951 1447 1078 1506 habitus.
1120 1449 1230 1506 Pausa-

148 1552 214 1610 nias
234 1551 301 1631 (78)
327 1549 403 1611 dicit
419 1549 585 1629 ,Epidauri
610 1569 678 1606 eum
695 1568 758 1608 esse
774 1560 879 1608 natum
889 1596 899 1627 ,
920 1550 1042 1629 ideoque
1061 1550 1138 1610 hauc
1153 1550 1232 1629 regi·

145 1676 235 1713 onem
259 1655 288 1713 ei
312 1674 520 1716 essesacram.
560 1651 731 1712 Secundum
754 1652 831 1710 hanc
855 1653 1047 1712 traditionem
1064 1653 1177 1712 scilicet
1197 1652 1231 1711 in

149 1760 381 1837 Peloponnesum
404 1757 552 1835 Phlegyas
572 1757 657 1815 venit
674 1776 743 1816 cum
764 1757 824 1815 tilia
841 1758 989 1816 Coronide
1000 1804 1009 1832 ,
1020 1777 1096 1838 quae
1105 1804 1114 1832 ‚
1134 1778 1230 1838 quum

147 1863 183 1922 ab
206 1864 344 1942 Apolline
362 1859 484 1941 gravida
500 1862 593 1920 fuerit
608 1861 701 1928 facta,
722 1860 755 1917 iu
778 1860 1013 1940 Epidauriorum
1029 1861 1137 1919 finibus
1156 1880 1228 1940 pue-

148 1987 217 2025 rum
240 1966 377 2048 peperit,
407 1982 536 2044 euntque
561 1965 595 2022 in
620 1974 722 2024 monte
754 1967 912 2045 exposuit,
939 1968 1010 2044 qui,
1029 1985 1125 2046 quum
1144 1974 1231 2025 antea

148 2072 284 2152 Myrtion
313 2069 478 2150 appellatus
506 2069 627 2145 suisset,
658 2069 770 2129 abhoc
790 2069 1010 2149 indetempore
1032 2088 1140 2128 nomen
1159 2070 1229 2128 Tit-

147 2176 253 2234 theion
282 2175 406 2254 accepit.
446 2173 524 2233 Huic
549 2173 659 2233 infanti
686 2194 775 2253 capra
805 2173 851 2233 lac
877 2173 1032 2252 praebuit,
1060 2194 1132 2232 caue
1161 2192 1230 2233 eum

146 2278 346 2339 custodiente:
376 2277 418 2336 ibi
444 2297 601 2357 caprarum
630 2287 732 2358 pastor
760 2277 940 2337 Aresthanas
964 2295 1108 2357 puerum,
1136 2298 1155 2335 e
1172 2298 1231 2356 quo

148 2384 279 2442 coelestis
297 2383 374 2463 ignis
399 2381 528 2454 effulsit,
559 2383 689 2443 invenit.
710 2384 829 2443 Praeter
849 2383 928 2442 hanc
945 2381 1037 2442 etiarn
1060 2380 1150 2440 aliam
1168 2390 1232 2440 tra-

147 2488 293 2547 ditionem
321 2488 413 2546 relert
440 2497 563 2564 erretur,
589 2487 679 2564 juxta
707 2506 799 2568 quam
829 2489 951 2549 Coronis
971 2487 1150 2566 Aesculapio
1165 2487 1230 2564 jam

147 2593 286 2672 gravida,
318 2615 387 2652 cum
417 2594 522 2672 Isclsye
552 2593 631 2651 Elati
659 2593 723 2651 filio
750 2593 971 2668 concubuisset3
1000 2612 1088 2672 quam
1110 2592 1231 2650 obrem

146 2699 184 2755 ab
215 2696 362 2775 Apollinis
384 2717 484 2754 sorore
515 2697 613 2754 Diana
636 2697 796 2757 interemta
826 2697 996 2771 dicebatur;
1018 2695 1140 2755 ardente
1158 2715 1231 2754 vero

145 2823 218 2881 rogo
246 2821 262 2858 e
289 2818 414 2877 corpure
440 2819 577 2877 puerum
595 2802 739 2878 eripuisse
767 2789 864 2859 fertur
898 2799 1073 2858 Mercurius.
1125 2798 1231 2856 Tertia

146 2915 249 2965 autem
275 2901 415 2982 traditio,
444 2923 534 2979 quam
560 2903 776 2981 longissimae
806 2907 931 2964 veritate
960 2903 1117 2962 abhorrere
1157 2902 1232 2961 dicit

148 3005 316 3076 Pausanias,
337 3013 381 3062 est
390 3024 435 3078 ea,
456 3023 560 3082 quaex
572 3005 704 3082 Arsinoe,
717 3008 859 3086 Leucippi
868 3007 941 3082 filia,
953 3017 1041 3064 natus
1059 3004 1230 3064 habebatur.

148 3110 234 3171 Hanc
259 3109 452 3168 traditionem
478 3108 514 3165 de
527 3107 703 3186 Aesculapio
730 3129 767 3168 ex
786 3109 911 3170 Arsino'c'
932 3118 1002 3166 nato
1019 3111 1053 3167 in
1073 3107 1231 3176 Messenio·

147 3238 217 3277 rum
252 3215 379 3296 gratiam
414 3214 559 3273 effinxisse
592 3211 753 3272 Hesiodum
783 3214 832 3272 vel
861 3213 994 3292 aliquem
1022 3231 1062 3272 ex
1089 3212 1146 3287 iis,
1176 3210 1231 3290 qni

147 3321 266 3382 Hesiodi
296 3319 481 3381 carminibus
507 3328 574 3378 suo‘s
598 3318 840 3397 interposuerant
864 3336 981 3388 versus,
1006 3315 1100 3375 credit
1120 3317 1231 3376 Pausa-

146 3425 228 3485 nias:
254 3425 398 3484 dixerunt
425 3423 538 3483 scilicet
569 3419 724 3509 Messenii,
756 3421 943 3481 Podalirium
966 3432 996 3481 et
1015 3420 1228 3498 Machaonem,

143 3531 222 3591 filios
241 3527 420 3608 Aesculdpii,
440 3538 575 3607 tempore
593 3525 664 3584 belli
687 3526 812 3604 Trojani
834 3526 916 3605 parti
937 3510 1097 3586 Messeniae
1116 3527 1231 3606 regioni

142 3642 305 3717 imperasse
327 3646 358 3694 et
376 3635 447 3693 iude
466 3635 503 3693 ad
523 3633 715 3693 obsidendum
739 3632 828 3690 llium
847 3630 980 3706 venisse3
1008 3627 1104 3710 ipsum
1129 3640 1229 3690 autem

147 3741 359 3819 Aesculapium
381 3738 523 3814 Arsinoe,
539 3738 692 3817 ·Leucippi
711 3738 794 3812 filia,
811 3752 872 3797 esse
895 3745 1018 3812 natum,
1050 3752 1109 3796 uon
1141 3738 1230 3798 Coro-

143 3847 216 3908 nide
240 3843 318 3925 (79).
362 3847 472 3919 Quarta
501 3844 630 3924 denique
660 3843 801 3917 traditio,
833 3863 926 3924 quam
954 3843 1033 3921 apud
1054 3844 1229 3904 Pausaniam

138 3993 364 4012 ..nu———e-——t——dd

177 4065 226 4120 (78)
242 4060 379 4107 Patalii).
395 4060 428 4105 ll.
444 4075 464 4103 c.
480 4056 516 4103 26.
613 4063 660 4118 (79)
676 4064 744 4107 Paua.
760 4061 811 4105 Lib.
826 4059 870 4109 IV.
885 4074 905 4105 c.
922 4061 944 4104 3.
959 4061 991 4108 in.
1000 4074 1020 4109 c.
1032 4061 1069 4106 31.
1084 4077 1108 4120 p,
1128 4060 1171 4105 358
1185 4062 1225 4107 lia.
