2754 4710
573 456 796 517 «118-

147 637 216 676 men
237 616 369 676 noudum
391 617 546 698 loquitur,
568 617 617 677 sed
643 619 805 678 (bidumos
820 619 897 678 seros
936 619 1083 700 rudesque
1104 615 1194 682 Thess
1220 642 1273 682 a·

147 721 207 781 liae
229 721 343 782 incolas
361 732 470 798 vocat,
491 722 625 801 eorporis
644 721 748 780 robore
766 722 889 796 eximii,
911 723 1256 801 quorumjustissimus

147 835 209 884 erat
239 824 353 895 Chiron
371 825 431 906 (Cf.
446 825 466 883 l.
490 846 515 884 c.
537 825 575 883 ad
592 836 685 885 annot
701 827 771 907 57);
795 827 957 888 Pindarum
978 838 1077 889 autem
1097 824 1240 908 primum

146 929 286 1009 mythum
314 931 351 989 de
386 932 607 991 Centaurorum
624 931 722 991 lorma
737 931 922 1010 semiequina
938 934 1136 1011 excogitasse,
1158 930 1230 991 dicit

147 1037 293 1112 Galenus,
316 1057 443 1117 eumque
461 1037 644 1117 argumentis
666 1035 840 1115 quibusdam
867 1037 958 1115 hujus
984 1037 1134 1116 temporis
1153 1037 1222 1116 phy·

144 1142 291 1222 siologieis
312 1143 425 1203 relutat
444 1144 523 1223 (60).
566 1144 728 1203 Chironem
750 1160 822 1200 vero
842 1142 987 1221 expressis
1007 1142 1106 1201 verbis
1124 1143 1219 1202 semia

146 1247 239 1327 quina
248 1246 344 1306 forma
357 1247 527 1326 praeditum
549 1269 608 1306 nou
629 1247 706 1306 dicit
722 1247 888 1323 Pindarus,
910 1249 960 1307 sed
980 1249 1078 1306 serum
1098 1259 1222 1308 tanturn·

144 1352 278 1410 modoet
295 1361 437 1431 agrestem
465 1352 561 1431 (quod
576 1353 614 1410 ad
631 1351 764 1429 corporis
783 1350 934 1430 speciem),
957 1352 1007 1410 sed
1026 1362 1127 1410 mente
1145 1371 1225 1432 prae-

144 1454 243 1513 ditum
274 1453 446 1512 hominibus
472 1457 567 1514 amica
600 1454 671 1534 (61).
713 1456 796 1515 Haud
824 1433 1083 1515 mediocrisartis
1101 1458 1229 1516 medicae

146 1560 255 1637 peritia
272 1559 300 1617 ei
319 1559 354 1618 ab
372 1560 539 1620 auctoribus
569 1561 727 1634 tribuitur,
750 1561 936 1637 adeunteius
953 1559 1095 1618 inventor
1116 1583 1135 1618 a
1154 1582 1229 1621 non·

146 1663 238 1721 nullis
268 1675 456 1741 nuncupetur
485 1665 568 1744 (62),
587 1675 618 1722 et
644 1665 773 1723 medicus
801 1663 999 1722 elterChiron
1016 1663 1231 1745 dicaturlssssl:

146 1766 298 1846 imp-rimis
325 1767 432 1842 liujus,
472 1788 548 1846 quae
578 1789 631 1846 per
652 1767 756 1827 herbas
777 1778 877 1836 curat,
903 1768 1068 1827 medicinae
1084 1768 1231 1828 inventor

146 1872 236 1931 fuisse
255 1871 432 1950 perhibetur
454 1873 538 1951 (libiz
567 1895 626 1951 qua
646 1895 683 1934 ex
704 1894 737 1932 re
753 1874 854 1932 forsan
875 1873 1019 1931 conficere
1039 1872 1129 1944 licet,
1156 1874 1231 1933 chi-

145 1977 228 2034 ronis
258 1977 438 2037 medicinam
450 1978 522 2054 -jam
539 1978 629 2057 magis
647 1977 866 2058 quodammodo
884 1977 1023 2036 remediis
1041 1980 1233 2042 naturalibus

146 2083 240 2141 uisam
263 2083 364 2141 luisse.
410 2082 496 2139 Varii
516 2092 650 2141 auctores
669 2083 851 2140 mentionem
868 2081 986 2138 faciunt
1001 2080 1120 2159 plantae
1137 2083 1238 2143 alicu·

141 2186 221 2262 jus,
246 2187 365 2245 nomine
392 2187 513 2245 Panacis
543 2187 696 2257 Clrironii,
721 2206 811 2264 quam
832 2207 849 2242 a
868 2183 999 2242 Chirone
1017 2203 1126 2241 nomen
1147 2206 1237 2257 aece7

144 2291 220 2368 pisse
243 2292 428 2352 contendunt
450 2290 534 2371 (65):
556 2289 688 2350 uFolium
711 2287 790 2364 ejus,
812 2320 853 2332 -—-
872 2287 915 2345 ita
932 2287 1066 2362 Plinius,
1088 2321 1131 2332 —
1153 2287 1241 2368 lapa-

144 2393 197 2451 tho
213 2395 321 2469 simile,
342 2395 438 2470 nrajus
457 2403 557 2454 tamen
578 2391 778 2453 ethirsutius:
802 2389 988 2464 flosaurens,
1010 2390 1098 2449 radix
1115 2412 1236 2470 parva:

144 2497 281 2557 nascitur
311 2497 476 2576 pinguibus
523 2498 612 2556 locis:
640 2497 729 2572 hujus
755 2497 811 2555 flos
826 2496 1076 2555 efficacissimus.''
1121 2501 1241 2561 Aureos

144 2602 232 2660 flores
250 2612 281 2660 et
297 2602 370 2660 solia
392 2602 536 2682 npendula
553 2606 660 2660 coma’'
676 2605 789 2663 caulem
802 2604 963 2662 ambientis
981 2604 1073 2662 etiam
1084 2621 1240 2667 memorat

145 2704 293 2764 Nicander
319 2705 352 2764 in
379 2705 500 2784 poetica
521 2727 573 2765 sna
596 2705 796 2786 descriptione
817 2707 935 2786 plantae
951 2708 1034 2766 illius
1046 2753 1055 2782 ‚
1078 2706 1239 2788 cujus'ra-

143 2809 239 2887 dicem
270 2809 408 2870 Chironis
433 2810 577 2869 Centauri
603 2810 726 2869 nomine
744 2811 854 2868 claram
872 2811 964 2881 dicit,
989 2831 1145 2891 qaiamque
1169 2817 1238 2894 pri·

145 2936 213 2974 inus
243 2917 276 2973 in
297 2915 384 2974 Pelio
404 2915 468 2980 ¹alto
499 2916 612 2975 Chiron
631 2916 682 2974 ille
706 2914 847 2993 Philyrae
865 2914 943 2972 lilius
966 2915 1105 2973 invenit:
1130 2920 1239 2978 sedin

143 3039 178 3076 eo
200 3040 217 3076 a
239 3019 339 3077 Plinio
372 3020 491 3092 differt,
510 3007 604 3100 *quod
627 3024 688 3078 n'on
717 3019 855 3089 floribus,
884 3018 934 3076 sed
959 3018 1055 3078 radici
1077 3020 1239 3100 imprimis

143 3120 234 3200 hujus
265 3123 386 3201 plantae
416 3124 478 3182 vim
508 3125 729 3185 medicatricem
755 3123 872 3184 tribuit·
914 3124 992 3183 Hinc
1008 3123 1171 3185 dubitandi
1194 3140 1242 3190 est

139 3252 351 3264 —-—-——-——

175 3295 224 3348 (60)
240 3297 331 3339 Graxa.
360 3297 387 3337 de
401 3309 443 3338 usu
460 3295 568 3350 partium.
584 3297 635 3340 Lib.
652 3301 698 3343 ΙΙΙ.
718 3313 738 3340 e.
754 3298 775 3341 l.
808 3299 866 3352 Quia
880 3312 911 3340 so.
926 3300 1125 3354 spermahominis
1141 3317 1190 3346 nou
1211 3304 1241 3346 ad

150 3378 266 3419 matricem
281 3391 350 3431 equae
364 3379 482 3433 pervenire
495 3379 593 3433 potesr.’'
624 3380 710 3421 Fabula
723 3381 749 3422 de
762 3382 877 3422 Centauro
891 3394 918 3421 ex
931 3381 1052 3423 concubitu
1072 3382 1163 3426 Ixionis
1183 3400 1239 3428 cum

147 3459 214 3501 Nube
227 3459 326 3506 formam
339 3459 434 3500 sunonis
449 3459 560 3515 referente
572 3462 701 3515 progenito,
722 3461 814 3517 ejusque
834 3462 938 3517 progenie
958 3461 1094 3516 semisquinn
1114 3478 1144 3506 ex
1166 3480 1240 3519 equs·

146 3541 187 3583 bus
202 3542 323 3597 Maguesiis
336 3543 424 3598 legatur
436 3555 474 3597 ap.
496 3544 566 3584 Piso.
582 3542 652 3598 Pyth.
667 3545 700 3586 ΙΙ.
716 3542 745 3585 85
758 3557 807 3596 sqq.

179 3621 226 3674 (61)
243 3624 313 3666 Prrn.
327 3623 397 3678 Pyth.
413 3625 460 3666 111.
476 3626 537 3678 8sq.

174 3704 223 3758 (62)
238 3707 307 3748 Pur.
322 3707 374 3748 Lib.
382 3707 440 3749 VII.
449 3722 470 3750 e.
479 3706 516 3750 56.
524 3709 655 3750 Phoroneo.
664 3707 765 3761 Sympos.
774 3706 825 3747 Lib.
835 3708 868 3749 11.
878 3720 916 3761 qu.
927 3706 947 3750 l.
955 3722 977 3762 p.
987 3707 1039 3769 ⁶47.
1048 3707 1092 3759 (ed.
1101 3707 1222 3768 Rosam.)

171 3786 219 3842 (63)
235 3789 368 3830 Prorsucu.
383 3790 485 3844 Sympos.
500 3790 552 3833 Lib.
570 3791 640 3842 vlu,
661 3802 698 3840 qu.
717 3786 735 3828 l.
751 3803 774 3842 p.
791 3787 841 3831 717.

173 3869 221 3922 (64)
238 3868 327 3912 Hrorn.
348 3870 396 3913 fab.
411 3869 463 3915 274.
480 3873 545 3915 svm.
562 3873 586 3914 iu
598 3886 653 3913 voce
666 3855 784 3925 Xslqu·

173 3949 222 4007 (65)
239 3952 401 3996 rasorium.
417 3955 477 3998 nist.
493 3956 565 4011 plant.
582 3956 632 3997 Lib.
648 3955 690 3996 XI.
705 3968 726 3998 r.
743 3953 777 3996 12.
791 3954 859 3996 Pars.
875 3952 927 3996 Lib.
942 3953 1019 3999 XXV.
1035 3968 1055 3996 c.
1071 3957 1093 3998 l.
1107 3967 1128 3998 c.
1146 3957 1170 3999 6.
1184 3954 1236 4002 Ns·

143 4035 324 4081 carn'l'heriac.
340 4051 373 4078 rs.
390 4034 440 4080 500.
492 4046 494 4049 '
