2754 4710
809 504 844 512 a·

748 470 764 501 ⁸)

749 508 765 524 u

220 631 276 689 itio
294 629 457 687 arctissima
477 640 540 687 crat
558 627 741 686 necessitudo
760 630 839 688 inter
859 634 1029 713 religionem
1052 648 1080 693 ct
1102 639 1300 716 medicinam,

223 757 298 812 qnae
309 784 318 812 ‚
337 735 454 813 quidem
473 733 727 809 imminuebatur,
748 756 816 793 cum
845 737 1014 819 philosophi
1035 741 1112 801 liano
1133 747 1225 824 magis
1243 749 1305 804 ela-

222 843 324 900 borare
340 841 518 920 coepissent,
544 849 677 897 attamen
708 840 801 898 Plinii
832 842 923 900 ctiam
951 853 1085 925 tempore
1115 857 1197 907 tanta
1224 852 1296 923 luit,

221 961 254 1008 nt
273 949 470 1007 multifariam
490 950 526 1006 ab
547 947 675 1005 oraculis
695 947 844 1005 medicina
865 957 1015 1025 peteretur
1036 949 1093 1028 (2)

263 1056 333 1114 Fuit
353 1056 454 1132 itaque
473 1053 552 1131 apud
571 1062 685 1110 veteres
713 1052 856 1129 quaedam
886 1053 966 1112 inter
994 1056 1167 1134 seligionem
1189 1071 1219 1118 et
1240 1082 1301 1120 mc-

222 1161 353 1220 clieinam
378 1158 571 1217 necessitudo.
633 1155 706 1213 Eam
726 1175 874 1234 exponere
894 1156 1038 1232 conabor,
1060 1161 1150 1239 idque
1167 1163 1229 1239 ita,
1249 1177 1296 1234 ut,

220 1264 318 1322 missis
337 1263 493 1322 brevitatis
512 1282 612 1320 caussa
632 1259 754 1319 caeteris
775 1260 837 1318 sere
866 1263 1003 1322 omnibus
1026 1267 1182 1344 gentibus,
1204 1271 1297 1330 solum

219 1369 292 1427 <luas
310 1366 460 1445 imprimis
478 1375 656 1445 pertractem
664 1386 771 1442 easque
781 1412 791 1442 ‚
805 1388 935 1445 quarum
954 1370 1110 1448 religiones
1128 1394 1218 1451 quarn
1234 1397 1297 1432 ma-

220 1476 302 1532 xime
319 1472 515 1531 differebant:
542 1492 610 1528 nain
624 1471 765 1548 sicmagis
783 1471 916 1548 patebit,
938 1495 1029 1551 quam
1050 1486 1130 1533 arcte
1152 1479 1231 1556 apud
1250 1500 1302 1538 ve-

223 1591 298 1638 tercs
324 1578 428 1654 religio
457 1586 486 1632 et
519 1575 663 1633 medicina
695 1595 795 1632 seeum
819 1575 952 1635 invicem
972 1578 1087 1638 luerint
1107 1584 1300 1661 conjunctae,

221 1684 339 1741 etiamsi
365 1685 445 1760 ipsae
461 1701 564 1740 earum
585 1681 741 1759 religiones
766 1700 944 1759 magnopere
973 1703 989 1739 a
1015 1704 1044 1742 se
1071 1683 1242 1761 differrent3
1271 1704 1300 1748 et

222 1788 313 1866 magis
326 1787 403 1844 mihi
423 1786 637 1844 attendendum
653 1806 712 1844 esse
729 1785 902 1845 existimavi
912 1787 949 1843 ad
966 1788 1098 1866 gentium
1112 1791 1298 1870 religionem,

221 1916 312 1973 quain
335 1893 369 1950 ad
391 1892 553 1949 earundem
579 1891 736 1951 historiam
757 1891 919 1968 politicam.
964 1895 1046 1951 Duas
1064 1904 1164 1952 autem
1185 1899 1299 1974 praeci-

220 2021 293 2079 puas
311 1998 466 2077 roligionis
488 1997 598 2055 forinas
614 1996 809 2054 ollendimus:
835 2005 935 2074 gentes
958 1999 1008 2056 vel
1032 2000 1130 2076 plures
1152 2004 1230 2062 Deos
1253 2003 1302 2062 vel

219 2128 314 2165 unum
334 2106 483 2163 colebant:
506 2095 762 2181 hujus'religionis
781 2103 907 2160 sormam
927 2104 1183 2166 ,ttonorteismum
1192 2156 1201 2184 ‚
1217 2111 1300 2169 illius

222 2212 464 2290 Polytboismura
485 2230 635 2267 vocamus.
680 2209 753 2266 Cum
773 2205 865 2284 igitur
896 2207 968 2266 duas
994 2219 1093 2287 gentes
1118 2223 1302 2289 pertractare

217 2316 346 2390 vellem,
368 2335 442 2390 quae
461 2313 609 2392 religione
627 2311 851 2389 quammaxime
874 2333 890 2368 a
918 2333 947 2369 se
967 2314 1099 2371 invicem
1126 2315 1299 2391 differrent,

219 2436 311 2475 uuam
339 2417 513 2474 sumendam
540 2437 600 2474 esse
621 2415 728 2493 putavi
746 2435 783 2473 ex
806 2413 854 2489 iis,
874 2416 952 2493 apud
977 2438 1050 2494 quas
1076 2439 1152 2478 tinus
1181 2429 1300 2479 tantum

221 2525 302 2579 Deus
331 2520 502 2593 colebatur,
532 2520 657 2576 alteram
687 2518 800 2593 exiis,
823 2541 897 2597 quae
919 2522 1020 2599 plures
1040 2523 1114 2582 Deos
1134 2524 1298 2583 habebant:

221 2627 443 2702 quammaximo
459 2625 537 2681 enim
559 2621 782 2700 Polytlleismus
796 2645 813 2678 a
833 2626 1051 2684 blonotlieismo
1074 2628 1182 2687 differt.
1223 2630 1299 2689 Nam

220 2731 244 2786 si
269 2729 423 2785 historiam
444 2728 648 2800 consulamus,
670 2747 717 2784 eas
738 2737 856 2784 tantum
878 2739 977 2807 gentes
994 2731 1031 2788 ad
1053 2730 1299 2793 lllonotheismuni

218 2835 388 2912 pervenisse
413 2833 596 2909 reperimus,
626 2832 733 2909 quibus
768 2831 820 2889 ille
848 2832 998 2892 (livinitus
1027 2846 1091 2894 erat
1130 2837 1297 2910 revelatus,

219 2940 267 2996 scd
285 2939 321 2994 ab
340 2937 398 3010 iis,
422 2957 497 3014 quae
527 2935 716 3013 sibimetipsis
745 2935 865 2993 fuerant
888 2937 1025 3010 relictae,
1058 2940 1160 3017 plures
1195 2941 1301 3002 adora·

218 3054 262 3101 tos
289 3046 381 3116 Deosj.
405 3041 477 3119 quin
505 3061 541 3098 ne
563 3049 661 3119 gentes
682 3039 824 3116 quidem,
848 3041 928 3119 apud
949 3062 1023 3119 quas
1044 3042 1185 3102 scientiae
1206 3056 1299 3104 artes-

219 3170 276 3227 que
295 3147 447 3226 imprimis
468 3146 656 3213 colebantur,
681 3165 741 3202 sese
767 3144 847 3222 ipsae
867 3145 902 3201 acl
927 3145 1179 3206 Monotheismnm
1202 3150 1297 3207 extol-

218 3254 278 3308 lere
303 3261 485 3328 potueruut,
507 3250 624 3308 etiamsi
646 3270 723 3306 unus
752 3249 866 3307 alterve
889 3269 925 3308 ex
948 3250 1173 3329 sapientissimis
1195 3261 1224 3312 et
1242 3274 1295 3333 op-

215 3357 314 3429 timis,
335 3358 389 3431 qui
416 3355 495 3432 apud
514 3354 580 3411 illas
606 3353 763 3426 vivebant,
792 3353 963 3413 bominibus
985 3358 1118 3435 aliquam
1145 3361 1297 3420 notionem

214 3459 251 3515 de
270 3480 329 3515 uno
352 3479 425 3514 vero
449 3461 513 3515 lleo
536 3456 675 3513 habuerit
693 3456 748 3532 (3).

261 3561 343 3636 ,lpnd
366 3571 480 3617 veteres
499 3561 558 3617 sola
589 3559 789 3617 Hebraeorum
811 3580 880 3634 gens
916 3562 1067 3621 notionem
1095 3566 1131 3624 de
1154 3591 1214 3627 uno
1240 3571 1299 3628 Deo

216 3666 356 3723 habebat:
380 3666 402 3722 si
426 3667 519 3743 igitur
540 3665 576 3722 de
595 3663 809 3723 necessitudine
831 3666 944 3742 agimus
956 3712 965 3743 ,
989 3689 1065 3747 quae
1086 3673 1166 3750 apud
1183 3686 1298 3736 veteres

212 3772 292 3828 iuter
317 3771 569 3830 Monotheismnm
590 3782 654 3829 erat
677 3781 705 3827 et
727 3770 921 3842 medicinam,
943 3793 1003 3829 non
1024 3795 1194 3852 possumus,
1220 3780 1296 3855 quiu

262 3882 449 3890 ->-...-..-...—...-

243 3921 276 3972 (2)
294 3925 362 3964 Pus.
379 3921 508 3975 ttiutn'at.
524 3922 574 3964 Lib.
590 3921 677 3963 XXIX.
694 3935 713 3962 c.
731 3920 748 3962 l.

245 4002 276 4059 (ll)
295 4005 403 4044 stris-sss
424 4003 562 4058 Allgrmrine
583 4003 689 4043 lzritisrlze
704 4001 746 4040 tls:
762 4002 833 4043 lictu⁴⁸
855 4005 892 4043 -lsr
913 4005 1057 4061 ltaligianan,
1081 4000 1117 4051 tf'r
1136 4010 1207 4052 stnd.
1226 4011 1293 4064 psl·
