<?xml version="1.0" encoding="UTF-8"?>
<!DOCTYPE html PUBLIC "-//W3C//DTD XHTML 1.0 Transitional//EN"
    "http://www.w3.org/TR/xhtml1/DTD/xhtml1-transitional.dtd">
<html xmlns="http://www.w3.org/1999/xhtml" xml:lang="en" lang="en">
 <head>
  <title>
</title>
<meta http-equiv="Content-Type" content="text/html;charset=utf-8" />
  <meta name='ocr-system' content='tesseract 3.04.00' />
  <meta name='ocr-capabilities' content='ocr_page ocr_carea ocr_par ocr_line ocrx_word'/>
</head>
<body>
  <div class='ocr_page' id='page_1' title='image "./dissertatiohist00sijbgoog_0151.png"; bbox 0 0 2754 4710; ppageno 0'>
   <div class='ocr_carea' id='block_1_1' title="bbox 679 516 897 575">
    <p class='ocr_par' dir='ltr' id='par_1_1' title="bbox 679 516 897 575">
     <span class='ocr_line' id='line_1_1' title="bbox 679 516 897 575; baseline 0 0"><span class='ocrx_word' id='word_1_1' title='bbox 679 526 727 564; x_wconf 83' lang='grc'>-’</span> <span class='ocrx_word' id='word_1_2' title='bbox 761 516 897 575; x_wconf 71' lang='lat'>134——</span> 
     </span>
    </p>
   </div>
   <div class='ocr_carea' id='block_1_2' title="bbox 224 675 1371 2723">
    <p class='ocr_par' dir='ltr' id='par_1_2' title="bbox 224 675 1371 2723">
     <span class='ocr_line' id='line_1_2' title="bbox 260 675 1317 757; baseline 0.002 -20"><span class='ocrx_word' id='word_1_3' title='bbox 260 677 332 757; x_wconf 89' lang='lat' dir='ltr'>quia</span> <span class='ocrx_word' id='word_1_4' title='bbox 349 676 386 735; x_wconf 91' lang='lat' dir='ltr'>ab</span> <span class='ocrx_word' id='word_1_5' title='bbox 405 675 466 737; x_wconf 91' lang='lat' dir='ltr'>illis</span> <span class='ocrx_word' id='word_1_6' title='bbox 483 685 548 735; x_wconf 83' lang='lat' dir='ltr'>turn</span> <span class='ocrx_word' id='word_1_7' title='bbox 565 696 684 756; x_wconf 89' lang='lat' dir='ltr'>quoque</span> <span class='ocrx_word' id='word_1_8' title='bbox 703 678 813 738; x_wconf 82' lang='lat' dir='ltr'><strong>morbis</strong></span> <span class='ocrx_word' id='word_1_9' title='bbox 844 679 1010 739; x_wconf 77' lang='lat' dir='ltr'>laborantes</span> <span class='ocrx_word' id='word_1_10' title='bbox 1026 679 1215 740; x_wconf 84' lang='lat' dir='ltr'>sanabantur.</span> <span class='ocrx_word' id='word_1_11' title='bbox 1251 677 1317 754; x_wconf 86' lang='lat' dir='ltr'>Quod</span> 
     </span>
     <span class='ocr_line' id='line_1_3' title="bbox 258 781 1318 869; baseline 0.008 -30"><span class='ocrx_word' id='word_1_12' title='bbox 258 781 295 839; x_wconf 87' lang='lat' dir='ltr'>ad</span> <span class='ocrx_word' id='word_1_13' title='bbox 318 781 503 842; x_wconf 83' lang='lat' dir='ltr'>Podaliriurn</span> <span class='ocrx_word' id='word_1_14' title='bbox 523 781 650 858; x_wconf 91' lang='lat' dir='ltr'>attinet,</span> <span class='ocrx_word' id='word_1_15' title='bbox 680 802 748 842; x_wconf 86' lang='lat' dir='ltr'>eum</span> <span class='ocrx_word' id='word_1_16' title='bbox 765 791 941 863; x_wconf 86' lang='lat' dir='ltr'>tempestate</span> <span class='ocrx_word' id='word_1_17' title='bbox 961 784 1061 863; x_wconf 85' lang='lat' dir='ltr'>Syron</span> <span class='ocrx_word' id='word_1_18' title='bbox 1079 784 1212 869; x_wconf 84' lang='lat' dir='ltr'>dolatum</span> <span class='ocrx_word' id='word_1_19' title='bbox 1229 785 1318 861; x_wconf 84' lang='lat' dir='ltr'>fuisse,</span> 
     </span>
     <span class='ocr_line' id='line_1_4' title="bbox 256 866 1320 966; baseline 0.006 -23"><span class='ocrx_word' id='word_1_20' title='bbox 256 886 357 966; x_wconf 84' lang='lat' dir='ltr'><strong>ibique</strong></span> <span class='ocrx_word' id='word_1_21' title='bbox 383 886 564 962; x_wconf 83' lang='lat' dir='ltr'>consedisse,</span> <span class='ocrx_word' id='word_1_22' title='bbox 595 896 699 946; x_wconf 87' lang='lat' dir='ltr'>narrat</span> <span class='ocrx_word' id='word_1_23' title='bbox 722 887 880 946; x_wconf 78' lang='lat' dir='ltr'>Pausanias</span> <span class='ocrx_word' id='word_1_24' title='bbox 903 883 981 966; x_wconf 84' lang='grc'>(27).</span> <span class='ocrx_word' id='word_1_25' title='bbox 1022 889 1104 960; x_wconf 86' lang='lat' dir='ltr'>Quae</span> <span class='ocrx_word' id='word_1_26' title='bbox 1124 889 1160 949; x_wconf 86' lang='lat' dir='ltr'>de</span> <span class='ocrx_word' id='word_1_27' title='bbox 1189 866 1223 949; x_wconf 82' lang='lat' dir='ltr'>eo</span> <span class='ocrx_word' id='word_1_28' title='bbox 1248 891 1320 949; x_wconf 88' lang='lat' dir='ltr'>relert</span> 
     </span>
     <span class='ocr_line' id='line_1_5' title="bbox 260 990 1320 1071; baseline 0 -18"><span class='ocrx_word' id='word_1_29' title='bbox 260 991 429 1071; x_wconf 85' lang='lat' dir='ltr'>Stephanus</span> <span class='ocrx_word' id='word_1_30' title='bbox 456 990 641 1071; x_wconf 78' lang='lat' dir='ltr'>Byzantinus</span> <span class='ocrx_word' id='word_1_31' title='bbox 668 990 746 1071; x_wconf 84' lang='lat'>(28),</span> <span class='ocrx_word' id='word_1_32' title='bbox 769 1011 838 1051; x_wconf 89' lang='lat' dir='ltr'>eum</span> <span class='ocrx_word' id='word_1_33' title='bbox 859 990 893 1050; x_wconf 90' lang='lat' dir='ltr'>in</span> <span class='ocrx_word' id='word_1_34' title='bbox 909 991 1028 1050; x_wconf 86' lang='lat' dir='ltr'>Cariam</span> <span class='ocrx_word' id='word_1_35' title='bbox 1048 994 1225 1071; x_wconf 82' lang='lat' dir='ltr'>expulsum,</span> <span class='ocrx_word' id='word_1_36' title='bbox 1248 1004 1320 1055; x_wconf 80' lang='lat' dir='ltr'>ats-</span> 
     </span>
     <span class='ocr_line' id='line_1_6' title="bbox 243 1092 1321 1178; baseline -0.003 -20"><span class='ocrx_word' id='word_1_37' title='bbox 243 1099 360 1175; x_wconf 86' lang='lat' dir='ltr'>.prario</span> <span class='ocrx_word' id='word_1_38' title='bbox 387 1095 518 1174; x_wconf 90' lang='lat' dir='ltr'>quodam</span> <span class='ocrx_word' id='word_1_39' title='bbox 547 1103 699 1154; x_wconf 88' lang='lat' dir='ltr'>servatum</span> <span class='ocrx_word' id='word_1_40' title='bbox 726 1103 822 1174; x_wconf 84' lang='lat' dir='ltr'>atque</span> <span class='ocrx_word' id='word_1_41' title='bbox 846 1092 883 1151; x_wconf 90' lang='lat' dir='ltr'>ad</span> <span class='ocrx_word' id='word_1_42' title='bbox 901 1095 1104 1155; x_wconf 88' lang='lat' dir='ltr'>Damaethum</span> <span class='ocrx_word' id='word_1_43' title='bbox 1123 1097 1227 1156; x_wconf 85' lang='lat' dir='ltr'>Cariae</span> <span class='ocrx_word' id='word_1_44' title='bbox 1242 1116 1321 1178; x_wconf 82' lang='lat' dir='ltr'>regen</span> 
     </span>
     <span class='ocr_line' id='line_1_7' title="bbox 260 1197 1325 1282; baseline 0.005 -26"><span class='ocrx_word' id='word_1_45' title='bbox 260 1199 434 1275; x_wconf 88' lang='lat' dir='ltr'>adductum,</span> <span class='ocrx_word' id='word_1_46' title='bbox 458 1198 547 1276; x_wconf 90' lang='lat' dir='ltr'>hujus</span> <span class='ocrx_word' id='word_1_47' title='bbox 563 1197 656 1258; x_wconf 87' lang='lat' dir='ltr'>filiam</span> <span class='ocrx_word' id='word_1_48' title='bbox 675 1218 691 1256; x_wconf 88' lang='lat' dir='ltr'>e</span> <span class='ocrx_word' id='word_1_49' title='bbox 713 1207 791 1257; x_wconf 83' lang='lat' dir='ltr'>teoto</span> <span class='ocrx_word' id='word_1_50' title='bbox 810 1198 960 1277; x_wconf 83' lang='lat' dir='ltr'>delapsam</span> <span class='ocrx_word' id='word_1_51' title='bbox 984 1200 1280 1282; x_wconf 88' lang='lat' dir='ltr'>venaesectionisopa</span> <span class='ocrx_word' id='word_1_52' title='bbox 1292 1222 1325 1261; x_wconf 81' lang='lat' dir='ltr'>aa·</span> 
     </span>
     <span class='ocr_line' id='line_1_8' title="bbox 260 1300 1324 1384; baseline 0.001 -21"><span class='ocrx_word' id='word_1_53' title='bbox 260 1324 357 1376; x_wconf 81' lang='lat' dir='ltr'>nasse,</span> <span class='ocrx_word' id='word_1_54' title='bbox 380 1312 451 1363; x_wconf 88' lang='lat' dir='ltr'>cum</span> <span class='ocrx_word' id='word_1_55' title='bbox 476 1302 639 1361; x_wconf 88' lang='lat' dir='ltr'>clarissimo</span> <span class='ocrx_word' id='word_1_56' title='bbox 665 1322 696 1361; x_wconf 80' lang='lat' dir='ltr'>v.</span> <span class='ocrx_word' id='word_1_57' title='bbox 727 1300 867 1380; x_wconf 85' lang='lat' dir='ltr'>Limburg</span> <span class='ocrx_word' id='word_1_58' title='bbox 888 1303 1033 1363; x_wconf 87' lang='lat' dir='ltr'>Brouwer</span> <span class='ocrx_word' id='word_1_59' title='bbox 1049 1303 1118 1384; x_wconf 79' lang='grc'>(29)</span> <span class='ocrx_word' id='word_1_60' title='bbox 1139 1327 1157 1363; x_wconf 93' lang='lat' dir='ltr'>a</span> <span class='ocrx_word' id='word_1_61' title='bbox 1177 1307 1324 1377; x_wconf 77' lang='lat' dir='ltr'>recentiore</span> 
     </span>
     <span class='ocr_line' id='line_1_9' title="bbox 224 1401 1325 1491; baseline 0.004 -25"><span class='ocrx_word' id='word_1_62' title='bbox 224 1401 230 1411; x_wconf 70' lang='grc'><strong>’</strong></span> <span class='ocrx_word' id='word_1_63' title='bbox 257 1402 378 1468; x_wconf 86' lang='lat' dir='ltr'>auctore</span> <span class='ocrx_word' id='word_1_64' title='bbox 413 1407 523 1467; x_wconf 88' lang='lat' dir='ltr'>tradita</span> <span class='ocrx_word' id='word_1_65' title='bbox 551 1407 663 1482; x_wconf 84' lang='lat' dir='ltr'>habeo,</span> <span class='ocrx_word' id='word_1_66' title='bbox 686 1426 775 1485; x_wconf 92' lang='lat' dir='ltr'>quam</span> <span class='ocrx_word' id='word_1_67' title='bbox 798 1414 832 1462; x_wconf 87' lang='lat' dir='ltr'>ut</span> <span class='ocrx_word' id='word_1_68' title='bbox 849 1425 888 1465; x_wconf 86' lang='lat' dir='ltr'>ex</span> <span class='ocrx_word' id='word_1_69' title='bbox 906 1406 943 1464; x_wconf 87' lang='lat' dir='ltr'>iis</span> <span class='ocrx_word' id='word_1_70' title='bbox 963 1407 1080 1487; x_wconf 87' lang='lat' dir='ltr'>aliquid</span> <span class='ocrx_word' id='word_1_71' title='bbox 1096 1410 1171 1469; x_wconf 88' lang='lat' dir='ltr'>certi</span> <span class='ocrx_word' id='word_1_72' title='bbox 1188 1411 1226 1470; x_wconf 88' lang='lat' dir='ltr'>de</span> <span class='ocrx_word' id='word_1_73' title='bbox 1246 1411 1325 1491; x_wconf 84' lang='lat' dir='ltr'>prinu</span> 
     </span>
     <span class='ocr_line' id='line_1_10' title="bbox 259 1494 1327 1594; baseline 0.001 -21"><span class='ocrx_word' id='word_1_74' title='bbox 259 1511 483 1573; x_wconf 84' lang='lat' dir='ltr'>venaesectione</span> <span class='ocrx_word' id='word_1_75' title='bbox 499 1532 515 1568; x_wconf 91' lang='lat' dir='ltr'>a</span> <span class='ocrx_word' id='word_1_76' title='bbox 533 1510 685 1570; x_wconf 90' lang='lat' dir='ltr'>Podalirio</span> <span class='ocrx_word' id='word_1_77' title='bbox 709 1509 848 1568; x_wconf 88' lang='lat' dir='ltr'>instituta</span> <span class='ocrx_word' id='word_1_78' title='bbox 869 1513 1071 1590; x_wconf 81' lang='lat' dir='ltr'>pronunciare</span> <span class='ocrx_word' id='word_1_79' title='bbox 1088 1494 1327 1594; x_wconf 51' lang='lat' dir='ltr'>possimuspliml</span> 
     </span>
     <span class='ocr_line' id='line_1_11' title="bbox 255 1602 1371 1698; baseline 0.003 -24"><span class='ocrx_word' id='word_1_80' title='bbox 255 1602 352 1694; x_wconf 37' lang='lat' dir='ltr'>‘aeque</span> <span class='ocrx_word' id='word_1_81' title='bbox 379 1614 480 1674; x_wconf 89' lang='lat' dir='ltr'>minus</span> <span class='ocrx_word' id='word_1_82' title='bbox 507 1613 605 1672; x_wconf 89' lang='lat' dir='ltr'>Plinio</span> <span class='ocrx_word' id='word_1_83' title='bbox 623 1612 842 1672; x_wconf 86' lang='lat' dir='ltr'>assentiendum</span> <span class='ocrx_word' id='word_1_84' title='bbox 859 1625 983 1695; x_wconf 87' lang='lat' dir='ltr'>putem,</span> <span class='ocrx_word' id='word_1_85' title='bbox 1007 1618 1127 1692; x_wconf 85' lang='lat' dir='ltr'>dicenti,</span> <span class='ocrx_word' id='word_1_86' title='bbox 1146 1620 1272 1698; x_wconf 86' lang='lat' dir='ltr'>primam</span> <span class='ocrx_word' id='word_1_87' title='bbox 1286 1639 1328 1679; x_wconf 80' lang='lat' dir='ltr'>re·</span> <span class='ocrx_word' id='word_1_88' title='bbox 1365 1638 1371 1697; x_wconf 75' lang='lat' dir='ltr'>j</span> 
     </span>
     <span class='ocr_line' id='line_1_12' title="bbox 259 1721 1330 1806; baseline -0.002 -22"><span class='ocrx_word' id='word_1_89' title='bbox 259 1725 476 1785; x_wconf 88' lang='lat' dir='ltr'>naesectionem</span> <span class='ocrx_word' id='word_1_90' title='bbox 500 1725 537 1784; x_wconf 91' lang='lat' dir='ltr'>ab</span> <span class='ocrx_word' id='word_1_91' title='bbox 567 1724 781 1804; x_wconf 88' lang='lat' dir='ltr'>hippopotamo</span> <span class='ocrx_word' id='word_1_92' title='bbox 807 1721 945 1783; x_wconf 88' lang='lat' dir='ltr'>homiues</span> <span class='ocrx_word' id='word_1_93' title='bbox 973 1722 1111 1784; x_wconf 83' lang='lat' dir='ltr'>didicisse</span> <span class='ocrx_word' id='word_1_94' title='bbox 1130 1724 1210 1806; x_wconf 85' lang='grc'>(30).</span> <span class='ocrx_word' id='word_1_95' title='bbox 1247 1724 1330 1784; x_wconf 73' lang='lat' dir='ltr'>Juxta</span> 
     </span>
     <span class='ocr_line' id='line_1_13' title="bbox 258 1825 1328 1911; baseline -0.006 -22"><span class='ocrx_word' id='word_1_96' title='bbox 258 1833 345 1891; x_wconf 86' lang='lat' dir='ltr'>aliam</span> <span class='ocrx_word' id='word_1_97' title='bbox 375 1830 567 1891; x_wconf 82' lang='lat' dir='ltr'>traditionem</span> <span class='ocrx_word' id='word_1_98' title='bbox 593 1829 661 1911; x_wconf 83' lang='lat'><strong>(31)</strong></span> <span class='ocrx_word' id='word_1_99' title='bbox 694 1838 830 1887; x_wconf 83' lang='lat' dir='ltr'>mortuus</span> <span class='ocrx_word' id='word_1_100' title='bbox 857 1837 901 1886; x_wconf 88' lang='lat' dir='ltr'>est</span> <span class='ocrx_word' id='word_1_101' title='bbox 931 1827 1099 1887; x_wconf 86' lang='lat' dir='ltr'>Podalirius</span> <span class='ocrx_word' id='word_1_102' title='bbox 1124 1828 1158 1886; x_wconf 91' lang='lat' dir='ltr'>in</span> <span class='ocrx_word' id='word_1_103' title='bbox 1190 1827 1275 1888; x_wconf 78' lang='lat' dir='ltr'>Italis</span> <span class='ocrx_word' id='word_1_104' title='bbox 1291 1825 1328 1906; x_wconf 81' lang='lat' dir='ltr'>(in</span> 
     </span>
     <span class='ocr_line' id='line_1_14' title="bbox 261 1929 1329 2014; baseline -0.006 -20"><span class='ocrx_word' id='word_1_105' title='bbox 261 1936 463 1994; x_wconf 79' lang='lat' dir='ltr'>Ausoniorum</span> <span class='ocrx_word' id='word_1_106' title='bbox 493 1932 666 2012; x_wconf 88' lang='lat' dir='ltr'>littoribus),</span> <span class='ocrx_word' id='word_1_107' title='bbox 696 1933 795 2011; x_wconf 89' lang='lat' dir='ltr'>ibique</span> <span class='ocrx_word' id='word_1_108' title='bbox 824 1931 852 1990; x_wconf 91' lang='lat' dir='ltr'>ei</span> <span class='ocrx_word' id='word_1_109' title='bbox 882 1933 918 1990; x_wconf 90' lang='lat' dir='ltr'>ab</span> <span class='ocrx_word' id='word_1_110' title='bbox 944 1932 1050 1991; x_wconf 90' lang='lat' dir='ltr'>incolis</span> <span class='ocrx_word' id='word_1_111' title='bbox 1072 1929 1329 2014; x_wconf 82' lang='lat' dir='ltr'>(Dauniis)·divini</span> 
     </span>
     <span class='ocr_line' id='line_1_15' title="bbox 258 2035 1328 2115; baseline -0.001 -18"><span class='ocrx_word' id='word_1_112' title='bbox 258 2039 387 2098; x_wconf 89' lang='lat' dir='ltr'>honores</span> <span class='ocrx_word' id='word_1_113' title='bbox 420 2036 649 2111; x_wconf 86' lang='lat' dir='ltr'>tribuebantur,</span> <span class='ocrx_word' id='word_1_114' title='bbox 678 2046 822 2114; x_wconf 87' lang='lat' dir='ltr'>tanquam</span> <span class='ocrx_word' id='word_1_115' title='bbox 840 2036 1012 2094; x_wconf 88' lang='lat' dir='ltr'>morborum</span> <span class='ocrx_word' id='word_1_116' title='bbox 1029 2035 1226 2115; x_wconf 85' lang='lat' dir='ltr'>depulsatori·</span> <span class='ocrx_word' id='word_1_117' title='bbox 1239 2040 1328 2115; x_wconf 73' lang='lat' dir='ltr'>(salom</span> 
     </span>
     <span class='ocr_line' id='line_1_16' title="bbox 260 2134 1327 2221; baseline -0.006 -18"><span class='ocrx_word' id='word_1_118' title='bbox 260 2145 413 2218; x_wconf 70' lang='grc' dir='ltr'>ἁκεσῃ)ς);</span> <span class='ocrx_word' id='word_1_119' title='bbox 455 2141 572 2201; x_wconf 91' lang='lat' dir='ltr'>Daunii</span> <span class='ocrx_word' id='word_1_120' title='bbox 600 2152 701 2201; x_wconf 89' lang='lat' dir='ltr'>autem</span> <span class='ocrx_word' id='word_1_121' title='bbox 729 2162 817 2221; x_wconf 88' lang='lat' dir='ltr'>super</span> <span class='ocrx_word' id='word_1_122' title='bbox 844 2139 1035 2220; x_wconf 86' lang='lat' dir='ltr'>sepulchrum</span> <span class='ocrx_word' id='word_1_123' title='bbox 1064 2134 1127 2218; x_wconf 81' lang='lat' dir='ltr'>ejus</span> <span class='ocrx_word' id='word_1_124' title='bbox 1159 2141 1193 2200; x_wconf 90' lang='lat' dir='ltr'>in</span> <span class='ocrx_word' id='word_1_125' title='bbox 1219 2139 1327 2221; x_wconf 83' lang='lat' dir='ltr'>pellibus</span> 
     </span>
     <span class='ocr_line' id='line_1_17' title="bbox 258 2245 1326 2325; baseline -0.001 -19"><span class='ocrx_word' id='word_1_126' title='bbox 258 2249 358 2307; x_wconf 87' lang='lat' dir='ltr'>ovinis</span> <span class='ocrx_word' id='word_1_127' title='bbox 375 2248 514 2307; x_wconf 82' lang='lat' dir='ltr'>cubantes</span> <span class='ocrx_word' id='word_1_128' title='bbox 530 2248 564 2307; x_wconf 91' lang='lat' dir='ltr'>iu</span> <span class='ocrx_word' id='word_1_129' title='bbox 581 2247 705 2306; x_wconf 89' lang='lat' dir='ltr'>somniis</span> <span class='ocrx_word' id='word_1_130' title='bbox 721 2248 786 2325; x_wconf 77' lang='lat' dir='ltr'>ejus</span> <span class='ocrx_word' id='word_1_131' title='bbox 801 2246 923 2306; x_wconf 84' lang='lat' dir='ltr'>oracula</span> <span class='ocrx_word' id='word_1_132' title='bbox 938 2245 1142 2324; x_wconf 88' lang='lat' dir='ltr'>accipiebant,</span> <span class='ocrx_word' id='word_1_133' title='bbox 1165 2245 1224 2305; x_wconf 82' lang='lat' dir='ltr'>loti</span> <span class='ocrx_word' id='word_1_134' title='bbox 1241 2245 1326 2306; x_wconf 88' lang='lat' dir='ltr'>inllu-</span> 
     </span>
     <span class='ocr_line' id='line_1_18' title="bbox 259 2349 1322 2428; baseline -0.002 -20"><span class='ocrx_word' id='word_1_135' title='bbox 259 2353 342 2408; x_wconf 85' lang='lat' dir='ltr'>nrine</span> <span class='ocrx_word' id='word_1_136' title='bbox 369 2350 517 2410; x_wconf 81' lang='lat' dir='ltr'>Althaono</span> <span class='ocrx_word' id='word_1_137' title='bbox 529 2395 538 2424; x_wconf 90' lang='lat'>‚</span> <span class='ocrx_word' id='word_1_138' title='bbox 569 2370 697 2428; x_wconf 87' lang='lat' dir='ltr'>eumque</span> <span class='ocrx_word' id='word_1_139' title='bbox 729 2350 926 2424; x_wconf 86' lang='lat' dir='ltr'>invocabant,</span> <span class='ocrx_word' id='word_1_140' title='bbox 958 2359 993 2408; x_wconf 91' lang='lat' dir='ltr'>ut</span> <span class='ocrx_word' id='word_1_141' title='bbox 1019 2349 1140 2408; x_wconf 78' lang='lat' dir='ltr'>veniret</span> <span class='ocrx_word' id='word_1_142' title='bbox 1168 2350 1322 2421; x_wconf 74' lang='lat' dir='ltr'>ciuibusat</span> 
     </span>
     <span class='ocr_line' id='line_1_19' title="bbox 260 2427 1327 2533; baseline 0.003 -24"><span class='ocrx_word' id='word_1_143' title='bbox 260 2427 393 2532; x_wconf 82' lang='lat' dir='ltr'>gregibirs</span> <span class='ocrx_word' id='word_1_144' title='bbox 428 2452 585 2531; x_wconf 79' lang='lat' dir='ltr'>propitius.</span> <span class='ocrx_word' id='word_1_145' title='bbox 628 2453 707 2512; x_wconf 87' lang='lat' dir='ltr'>Haec</span> <span class='ocrx_word' id='word_1_146' title='bbox 734 2453 954 2532; x_wconf 84' lang='lat' dir='ltr'>Lycophrontis</span> <span class='ocrx_word' id='word_1_147' title='bbox 985 2453 1108 2511; x_wconf 88' lang='lat' dir='ltr'>traditio</span> <span class='ocrx_word' id='word_1_148' title='bbox 1137 2472 1174 2512; x_wconf 88' lang='lat' dir='ltr'>eo</span> <span class='ocrx_word' id='word_1_149' title='bbox 1200 2456 1327 2533; x_wconf 79' lang='lat' dir='ltr'>majorem</span> 
     </span>
     <span class='ocr_line' id='line_1_20' title="bbox 262 2555 1335 2639; baseline 0.002 -25"><span class='ocrx_word' id='word_1_150' title='bbox 262 2556 507 2637; x_wconf 85' lang='lat' dir='ltr'>probabilitatem</span> <span class='ocrx_word' id='word_1_151' title='bbox 527 2555 632 2630; x_wconf 86' lang='lat' dir='ltr'>babet,</span> <span class='ocrx_word' id='word_1_152' title='bbox 672 2555 754 2635; x_wconf 90' lang='lat' dir='ltr'>quod</span> <span class='ocrx_word' id='word_1_153' title='bbox 781 2557 871 2616; x_wconf 90' lang='lat' dir='ltr'>etiam</span> <span class='ocrx_word' id='word_1_154' title='bbox 907 2556 1013 2617; x_wconf 89' lang='lat' dir='ltr'>Strabo</span> <span class='ocrx_word' id='word_1_155' title='bbox 1041 2556 1077 2614; x_wconf 92' lang='lat' dir='ltr'>de</span> <span class='ocrx_word' id='word_1_156' title='bbox 1101 2555 1160 2617; x_wconf 87' lang='lat' dir='ltr'>hoo</span> <span class='ocrx_word' id='word_1_157' title='bbox 1190 2558 1335 2639; x_wconf 88' lang='lat' dir='ltr'>sepulchro</span> 
     </span>
     <span class='ocr_line' id='line_1_21' title="bbox 229 2659 1338 2723; baseline -0.005 0"><span class='ocrx_word' id='word_1_158' title='bbox 229 2718 232 2723; x_wconf 87' lang='lat'>.</span> <span class='ocrx_word' id='word_1_159' title='bbox 261 2660 405 2721; x_wconf 88' lang='lat' dir='ltr'>Podalirii</span> <span class='ocrx_word' id='word_1_160' title='bbox 441 2660 474 2719; x_wconf 92' lang='lat' dir='ltr'>in</span> <span class='ocrx_word' id='word_1_161' title='bbox 502 2659 589 2720; x_wconf 82' lang='lat' dir='ltr'>Italia</span> <span class='ocrx_word' id='word_1_162' title='bbox 622 2671 773 2719; x_wconf 84' lang='lat' dir='ltr'>exstructo</span> <span class='ocrx_word' id='word_1_163' title='bbox 808 2660 993 2718; x_wconf 84' lang='lat' dir='ltr'>mentionem</span> <span class='ocrx_word' id='word_1_164' title='bbox 1017 2660 1091 2718; x_wconf 86' lang='lat' dir='ltr'>facit</span> <span class='ocrx_word' id='word_1_165' title='bbox 1128 2669 1159 2718; x_wconf 84' lang='lat' dir='ltr'>et</span> <span class='ocrx_word' id='word_1_166' title='bbox 1189 2662 1228 2721; x_wconf 91' lang='lat' dir='ltr'>de</span> <span class='ocrx_word' id='word_1_167' title='bbox 1253 2661 1338 2721; x_wconf 80' lang='lat' dir='ltr'>florio</span> 
     </span>
    </p>
   </div>
   <div class='ocr_carea' id='block_1_3' title="bbox 263 2763 1342 2948">
    <p class='ocr_par' dir='ltr' id='par_1_3' title="bbox 263 2763 1342 2948">
     <span class='ocr_line' id='line_1_22' title="bbox 263 2763 1342 2844; baseline 0 -19"><span class='ocrx_word' id='word_1_168' title='bbox 263 2764 370 2825; x_wconf 86' lang='lat' dir='ltr'>exinde</span> <span class='ocrx_word' id='word_1_169' title='bbox 390 2763 521 2839; x_wconf 86' lang='lat' dir='ltr'>fluente,</span> <span class='ocrx_word' id='word_1_170' title='bbox 550 2763 637 2841; x_wconf 86' lang='lat' dir='ltr'>cujus</span> <span class='ocrx_word' id='word_1_171' title='bbox 657 2784 737 2844; x_wconf 86' lang='lat' dir='ltr'>aqua</span> <span class='ocrx_word' id='word_1_172' title='bbox 755 2764 854 2824; x_wconf 89' lang='lat' dir='ltr'>omnis</span> <span class='ocrx_word' id='word_1_173' title='bbox 873 2768 990 2844; x_wconf 85' lang='lat' dir='ltr'>generis</span> <span class='ocrx_word' id='word_1_174' title='bbox 1009 2763 1106 2824; x_wconf 90' lang='lat' dir='ltr'>morbi</span> <span class='ocrx_word' id='word_1_175' title='bbox 1128 2769 1248 2844; x_wconf 86' lang='lat' dir='ltr'>pecoris</span> <span class='ocrx_word' id='word_1_176' title='bbox 1265 2788 1342 2828; x_wconf 87' lang='lat' dir='ltr'>sana-</span> 
     </span>
     <span class='ocr_line' id='line_1_23' title="bbox 264 2867 475 2948; baseline -0.014 -20"><span class='ocrx_word' id='word_1_177' title='bbox 264 2871 373 2928; x_wconf 85' lang='lat' dir='ltr'>bantur</span> <span class='ocrx_word' id='word_1_178' title='bbox 395 2867 475 2948; x_wconf 88' lang='grc'>(32).</span> 
     </span>
    </p>
   </div>
   <div class='ocr_carea' id='block_1_4' title="bbox 763 2908 848 3025">
    <p class='ocr_par' dir='ltr' id='par_1_4' title="bbox 763 2908 848 3025">
     <span class='ocr_line' id='line_1_24' title="bbox 763 2908 848 3025; baseline -0.012 -17"><span class='ocrx_word' id='word_1_179' title='bbox 763 2908 777 3025; x_wconf 67' lang='grc' dir='ltr'><strong>ξ</strong></span> <span class='ocrx_word' id='word_1_180' title='bbox 802 2950 848 3009; x_wconf 82' lang='lat' dir='ltr'>rs.</span> 
     </span>
    </p>
   </div>
   <div class='ocr_carea' id='block_1_5' title="bbox 304 3088 1344 3187">
    <p class='ocr_par' dir='ltr' id='par_1_5' title="bbox 304 3088 1344 3187">
     <span class='ocr_line' id='line_1_25' title="bbox 304 3088 1344 3187; baseline 0.002 -14"><span class='ocrx_word' id='word_1_181' title='bbox 304 3114 428 3173; x_wconf 90' lang='lat' dir='ltr'>Praeter</span> <span class='ocrx_word' id='word_1_182' title='bbox 438 3088 523 3171; x_wconf 32' lang='lat' dir='ltr'>&#39;filios</span> <span class='ocrx_word' id='word_1_183' title='bbox 541 3110 726 3172; x_wconf 88' lang='lat' dir='ltr'>Podalirium</span> <span class='ocrx_word' id='word_1_184' title='bbox 738 3121 769 3170; x_wconf 84' lang='lat' dir='ltr'>et</span> <span class='ocrx_word' id='word_1_185' title='bbox 785 3110 1000 3187; x_wconf 85' lang='lat' dir='ltr'>Machaonem,</span> <span class='ocrx_word' id='word_1_186' title='bbox 1023 3111 1115 3170; x_wconf 89' lang='lat' dir='ltr'>etiarn</span> <span class='ocrx_word' id='word_1_187' title='bbox 1126 3110 1205 3173; x_wconf 85' lang='lat' dir='ltr'>libas</span> <span class='ocrx_word' id='word_1_188' title='bbox 1215 3113 1344 3175; x_wconf 82' lang='lat' dir='ltr'>habuisse</span> 
     </span>
    </p>
   </div>
   <div class='ocr_carea' id='block_1_6' title="bbox 261 3272 1348 4079">
    <p class='ocr_par' dir='ltr' id='par_1_6' title="bbox 294 3272 1347 3347">
     <span class='ocr_line' id='line_1_26' title="bbox 294 3272 1347 3347; baseline 0.005 -18"><span class='ocrx_word' id='word_1_189' title='bbox 294 3287 343 3346; x_wconf 81' lang='grc'>(27)</span> <span class='ocrx_word' id='word_1_190' title='bbox 359 3289 428 3330; x_wconf 72' lang='lat' dir='ltr'>Paos.</span> <span class='ocrx_word' id='word_1_191' title='bbox 445 3286 493 3329; x_wconf 88' lang='lat'>111.</span> <span class='ocrx_word' id='word_1_192' title='bbox 509 3285 546 3326; x_wconf 91' lang='grc'>26.</span> <span class='ocrx_word' id='word_1_193' title='bbox 644 3282 693 3339; x_wconf 75' lang='grc'>(28)</span> <span class='ocrx_word' id='word_1_194' title='bbox 708 3281 792 3327; x_wconf 76' lang='lat' dir='ltr'>Scurra.</span> <span class='ocrx_word' id='word_1_195' title='bbox 808 3276 910 3330; x_wconf 57' lang='lat' dir='ltr'>Brzsnr,</span> <span class='ocrx_word' id='word_1_196' title='bbox 926 3287 953 3328; x_wconf 84' lang='lat' dir='ltr'>de</span> <span class='ocrx_word' id='word_1_197' title='bbox 965 3287 1022 3330; x_wconf 89' lang='lat' dir='ltr'>Urb.</span> <span class='ocrx_word' id='word_1_198' title='bbox 1039 3287 1063 3329; x_wconf 86' lang='lat' dir='ltr'>in</span> <span class='ocrx_word' id='word_1_199' title='bbox 1074 3300 1129 3329; x_wconf 77' lang='lat' dir='ltr'>voce</span> <span class='ocrx_word' id='word_1_200' title='bbox 1143 3272 1250 3345; x_wconf 58' lang='grc' dir='ltr'><strong><em>Σύρνα</em></strong></span> <span class='ocrx_word' id='word_1_201' title='bbox 1265 3307 1290 3347; x_wconf 83' lang='lat' dir='ltr'>p.</span> <span class='ocrx_word' id='word_1_202' title='bbox 1303 3288 1347 3334; x_wconf 74' lang='grc'>586.</span> 
     </span>
    </p>

    <p class='ocr_par' dir='ltr' id='par_1_7' title="bbox 261 3367 1348 3668">
     <span class='ocr_line' id='line_1_27' title="bbox 295 3367 1348 3429; baseline 0.006 -17"><span class='ocrx_word' id='word_1_203' title='bbox 295 3367 343 3427; x_wconf 87' lang='grc'>(29)</span> <span class='ocrx_word' id='word_1_204' title='bbox 361 3371 388 3413; x_wconf 87' lang='grc' dir='ltr'>Ρ.</span> <span class='ocrx_word' id='word_1_205' title='bbox 405 3384 428 3412; x_wconf 87' lang='lat' dir='ltr'>v.</span> <span class='ocrx_word' id='word_1_206' title='bbox 443 3371 556 3411; x_wconf 83' lang='lat' dir='ltr'>Lrusuno</span> <span class='ocrx_word' id='word_1_207' title='bbox 571 3369 707 3417; x_wconf 81' lang='lat' dir='ltr'>Buouwan,</span> <span class='ocrx_word' id='word_1_208' title='bbox 723 3368 862 3411; x_wconf 79' lang='lat' dir='ltr'>verbandel.</span> <span class='ocrx_word' id='word_1_209' title='bbox 884 3382 912 3410; x_wconf 91' lang='lat' dir='ltr'>en</span> <span class='ocrx_word' id='word_1_210' title='bbox 931 3368 988 3410; x_wconf 86' lang='lat' dir='ltr'>losse</span> <span class='ocrx_word' id='word_1_211' title='bbox 1007 3367 1161 3412; x_wconf 82' lang='lat' dir='ltr'>Gescbrilten.</span> <span class='ocrx_word' id='word_1_212' title='bbox 1192 3372 1348 3429; x_wconf 74' lang='lat' dir='ltr'>Groningem</span> 
     </span>
     <span class='ocr_line' id='line_1_28' title="bbox 265 3445 1347 3507; baseline 0.003 -16"><span class='ocrx_word' id='word_1_213' title='bbox 265 3449 331 3493; x_wconf 84' lang='lat'>1836.</span> <span class='ocrx_word' id='word_1_214' title='bbox 348 3464 371 3504; x_wconf 86' lang='lat' dir='ltr'>p.</span> <span class='ocrx_word' id='word_1_215' title='bbox 386 3448 438 3492; x_wconf 82' lang='lat'><strong>204.</strong></span> <span class='ocrx_word' id='word_1_216' title='bbox 454 3449 475 3490; x_wconf 82' lang='grc' dir='ltr'><strong>Δ</strong></span> <span class='ocrx_word' id='word_1_217' title='bbox 488 3448 539 3489; x_wconf 78' lang='lat' dir='ltr'>viro</span> <span class='ocrx_word' id='word_1_218' title='bbox 558 3449 613 3491; x_wconf 88' lang='lat' dir='ltr'>clar.</span> <span class='ocrx_word' id='word_1_219' title='bbox 632 3448 723 3490; x_wconf 83' lang='lat' dir='ltr'>videtur</span> <span class='ocrx_word' id='word_1_220' title='bbox 736 3445 890 3491; x_wconf 70' lang='lat' dir='ltr'>dillbr&#39;redoct.</span> <span class='ocrx_word' id='word_1_221' title='bbox 899 3447 1201 3500; x_wconf 76' lang='lat' dir='ltr'>Kraxuovm(Diss.laud.</span> <span class='ocrx_word' id='word_1_222' title='bbox 1210 3467 1237 3507; x_wconf 86' lang='lat' dir='ltr'>p.</span> <span class='ocrx_word' id='word_1_223' title='bbox 1253 3454 1283 3496; x_wconf 77' lang='lat'>74</span> <span class='ocrx_word' id='word_1_224' title='bbox 1295 3454 1347 3506; x_wconf 72' lang='lat' dir='ltr'>sip),</span> 
     </span>
     <span class='ocr_line' id='line_1_29' title="bbox 261 3528 1346 3590; baseline 0.002 -18"><span class='ocrx_word' id='word_1_225' title='bbox 261 3531 372 3583; x_wconf 81' lang='lat' dir='ltr'>siquidem</span> <span class='ocrx_word' id='word_1_226' title='bbox 394 3530 451 3571; x_wconf 88' lang='lat' dir='ltr'>hanc</span> <span class='ocrx_word' id='word_1_227' title='bbox 471 3528 580 3584; x_wconf 84' lang='lat' dir='ltr'>Stephani</span> <span class='ocrx_word' id='word_1_228' title='bbox 594 3529 747 3570; x_wconf 84' lang='lat' dir='ltr'>narrationem</span> <span class='ocrx_word' id='word_1_229' title='bbox 759 3530 853 3571; x_wconf 81' lang='lat' dir='ltr'>marinii</span> <span class='ocrx_word' id='word_1_230' title='bbox 866 3532 974 3575; x_wconf 79' lang='lat' dir='ltr'>momenti</span> <span class='ocrx_word' id='word_1_231' title='bbox 987 3533 1084 3582; x_wconf 83' lang='lat' dir='ltr'>babeat,</span> <span class='ocrx_word' id='word_1_232' title='bbox 1094 3546 1151 3574; x_wconf 84' lang='lat' dir='ltr'>cum</span> <span class='ocrx_word' id='word_1_233' title='bbox 1163 3532 1270 3585; x_wconf 86' lang='lat' dir='ltr'>indicet,</span> <span class='ocrx_word' id='word_1_234' title='bbox 1286 3546 1346 3590; x_wconf 83' lang='lat' dir='ltr'>quan</span> 
     </span>
     <span class='ocr_line' id='line_1_30' title="bbox 263 3610 1041 3668; baseline 0.008 -16"><span class='ocrx_word' id='word_1_235' title='bbox 263 3610 411 3666; x_wconf 84' lang='lat' dir='ltr'>perantiquus</span> <span class='ocrx_word' id='word_1_236' title='bbox 424 3624 471 3652; x_wconf 86' lang='lat' dir='ltr'>mos</span> <span class='ocrx_word' id='word_1_237' title='bbox 486 3610 532 3660; x_wconf 86' lang='lat' dir='ltr'>sit,</span> <span class='ocrx_word' id='word_1_238' title='bbox 544 3624 612 3652; x_wconf 81' lang='lat' dir='ltr'>venas</span> <span class='ocrx_word' id='word_1_239' title='bbox 623 3611 652 3651; x_wconf 87' lang='lat' dir='ltr'>ad</span> <span class='ocrx_word' id='word_1_240' title='bbox 664 3611 778 3666; x_wconf 76' lang='lat' dir='ltr'>sanguinis</span> <span class='ocrx_word' id='word_1_241' title='bbox 792 3613 932 3668; x_wconf 84' lang='lat' dir='ltr'>profluvium</span> <span class='ocrx_word' id='word_1_242' title='bbox 946 3612 1041 3657; x_wconf 84' lang='lat' dir='ltr'>secandi.</span> 
     </span>
    </p>

    <p class='ocr_par' dir='ltr' id='par_1_8' title="bbox 296 3691 1208 3750">
     <span class='ocr_line' id='line_1_31' title="bbox 296 3691 1208 3750; baseline 0.009 -14"><span class='ocrx_word' id='word_1_243' title='bbox 296 3694 343 3750; x_wconf 87' lang='grc'>(30)</span> <span class='ocrx_word' id='word_1_244' title='bbox 358 3694 427 3737; x_wconf 78' lang='lat' dir='ltr'>Parra.</span> <span class='ocrx_word' id='word_1_245' title='bbox 442 3694 514 3737; x_wconf 82' lang='lat' dir='ltr'>VIII.</span> <span class='ocrx_word' id='word_1_246' title='bbox 530 3691 567 3738; x_wconf 84' lang='grc'>26.</span> <span class='ocrx_word' id='word_1_247' title='bbox 934 3694 936 3699; x_wconf 82' lang='grc'><strong>’</strong></span> <span class='ocrx_word' id='word_1_248' title='bbox 1205 3740 1208 3744; x_wconf 37' lang='grc'>.</span> 
     </span>
    </p>

    <p class='ocr_par' dir='ltr' id='par_1_9' title="bbox 264 3774 1347 4079">
     <span class='ocr_line' id='line_1_32' title="bbox 293 3774 1347 3831; baseline 0 -13"><span class='ocrx_word' id='word_1_249' title='bbox 293 3775 342 3829; x_wconf 82' lang='grc'>(31)</span> <span class='ocrx_word' id='word_1_250' title='bbox 358 3777 534 3819; x_wconf 80' lang='lat' dir='ltr'>chornuourrs</span> <span class='ocrx_word' id='word_1_251' title='bbox 553 3776 618 3818; x_wconf 72' lang='lat' dir='ltr'>Alex.</span> <span class='ocrx_word' id='word_1_252' title='bbox 640 3789 673 3819; x_wconf 81' lang='lat' dir='ltr'>va.</span> <span class='ocrx_word' id='word_1_253' title='bbox 700 3776 753 3823; x_wconf 84' lang='grc'>1047</span> <span class='ocrx_word' id='word_1_254' title='bbox 776 3791 825 3831; x_wconf 62' lang='grc' dir='ltr'>ιφ).</span> <span class='ocrx_word' id='word_1_255' title='bbox 846 3776 889 3828; x_wconf 86' lang='lat' dir='ltr'>(ed.</span> <span class='ocrx_word' id='word_1_256' title='bbox 904 3777 1026 3829; x_wconf 73' lang='lat' dir='ltr'>Parrum).</span> <span class='ocrx_word' id='word_1_257' title='bbox 1059 3774 1188 3830; x_wconf 59' lang='lat' dir='ltr'>utumque</span> <span class='ocrx_word' id='word_1_258' title='bbox 1208 3779 1347 3822; x_wconf 71' lang='lat' dir='ltr'>traditionem</span> 
     </span>
     <span class='ocr_line' id='line_1_33' title="bbox 267 3843 1347 3921; baseline 0.004 -23"><span class='ocrx_word' id='word_1_259' title='bbox 267 3857 384 3912; x_wconf 76' lang='lat' dir='ltr'>conjungit</span> <span class='ocrx_word' id='word_1_260' title='bbox 396 3858 455 3900; x_wconf 88' lang='lat' dir='ltr'>doct.</span> <span class='ocrx_word' id='word_1_261' title='bbox 470 3858 620 3900; x_wconf 79' lang='lat' dir='ltr'>Kanxaovrm</span> <span class='ocrx_word' id='word_1_262' title='bbox 636 3853 662 3906; x_wconf 86' lang='grc' dir='ltr'>(Ι.</span> <span class='ocrx_word' id='word_1_263' title='bbox 677 3858 694 3899; x_wconf 83' lang='lat' dir='ltr'>l.</span> <span class='ocrx_word' id='word_1_264' title='bbox 708 3849 731 3913; x_wconf 88' lang='lat' dir='ltr'>p.</span> <span class='ocrx_word' id='word_1_265' title='bbox 747 3857 811 3912; x_wconf 85' lang='lat'>24.),</span> <span class='ocrx_word' id='word_1_266' title='bbox 831 3860 884 3901; x_wconf 84' lang='lat' dir='ltr'>adeo</span> <span class='ocrx_word' id='word_1_267' title='bbox 899 3843 1009 3921; x_wconf 29' lang='lat' dir='ltr'>utljurta</span> <span class='ocrx_word' id='word_1_268' title='bbox 1025 3857 1108 3907; x_wconf 80' lang='lat' dir='ltr'>¹virum</span> <span class='ocrx_word' id='word_1_269' title='bbox 1127 3858 1292 3904; x_wconf 82' lang='lat' dir='ltr'>doctissimum</span> <span class='ocrx_word' id='word_1_270' title='bbox 1313 3863 1347 3904; x_wconf 73' lang='lat' dir='ltr'>Pe</span> 
     </span>
     <span class='ocr_line' id='line_1_34' title="bbox 264 3920 1347 3995; baseline 0.002 -13"><span class='ocrx_word' id='word_1_271' title='bbox 264 3939 358 3982; x_wconf 77' lang='lat' dir='ltr'>delirius</span> <span class='ocrx_word' id='word_1_272' title='bbox 372 3939 397 3982; x_wconf 91' lang='lat' dir='ltr'>in</span> <span class='ocrx_word' id='word_1_273' title='bbox 411 3920 478 3983; x_wconf 83' lang='lat' dir='ltr'>Caria</span> <span class='ocrx_word' id='word_1_274' title='bbox 490 3939 618 3995; x_wconf 82' lang='lat' dir='ltr'>regnaverit</span> <span class='ocrx_word' id='word_1_275' title='bbox 630 3939 734 3992; x_wconf 87' lang='lat' dir='ltr'>quidem,</span> <span class='ocrx_word' id='word_1_276' title='bbox 749 3941 844 3984; x_wconf 86' lang='lat' dir='ltr'>sednon</span> <span class='ocrx_word' id='word_1_277' title='bbox 858 3946 926 3981; x_wconf 79' lang='lat' dir='ltr'>totam</span> <span class='ocrx_word' id='word_1_278' title='bbox 938 3940 1009 3983; x_wconf 78' lang='lat' dir='ltr'>vitam</span> <span class='ocrx_word' id='word_1_279' title='bbox 1028 3939 1061 3981; x_wconf 90' lang='lat' dir='ltr'>ibi</span> <span class='ocrx_word' id='word_1_280' title='bbox 1080 3939 1165 3994; x_wconf 71' lang='lat' dir='ltr'>degerit</span> <span class='ocrx_word' id='word_1_281' title='bbox 1173 3971 1181 3992; x_wconf 93' lang='lat'>,</span> <span class='ocrx_word' id='word_1_282' title='bbox 1192 3938 1282 3986; x_wconf 78' lang='lat' dir='ltr'>&#39;varum</span> <span class='ocrx_word' id='word_1_283' title='bbox 1296 3949 1347 3986; x_wconf 77' lang='lat' dir='ltr'>ten·</span> 
     </span>
     <span class='ocr_line' id='line_1_35' title="bbox 265 4019 790 4079; baseline 0.002 -16"><span class='ocrx_word' id='word_1_284' title='bbox 265 4028 350 4079; x_wconf 81' lang='lat' dir='ltr'>pestate</span> <span class='ocrx_word' id='word_1_285' title='bbox 362 4020 385 4062; x_wconf 92' lang='lat' dir='ltr'>in</span> <span class='ocrx_word' id='word_1_286' title='bbox 399 4020 512 4062; x_wconf 83' lang='lat' dir='ltr'>Ausoniae</span> <span class='ocrx_word' id='word_1_287' title='bbox 527 4020 588 4063; x_wconf 73' lang='lat' dir='ltr'>risos</span> <span class='ocrx_word' id='word_1_288' title='bbox 601 4020 697 4074; x_wconf 87' lang='lat' dir='ltr'>jactatus</span> <span class='ocrx_word' id='word_1_289' title='bbox 712 4019 790 4064; x_wconf 85' lang='lat' dir='ltr'>fuerit.</span> 
     </span>
    </p>
   </div>
   <div class='ocr_carea' id='block_1_7' title="bbox 295 4100 743 4161">
    <p class='ocr_par' dir='ltr' id='par_1_10' title="bbox 295 4100 743 4161">
     <span class='ocr_line' id='line_1_36' title="bbox 295 4100 743 4161; baseline -0.002 -16"><span class='ocrx_word' id='word_1_290' title='bbox 295 4103 343 4161; x_wconf 84' lang='grc'>(32)</span> <span class='ocrx_word' id='word_1_291' title='bbox 359 4102 458 4145; x_wconf 80' lang='lat' dir='ltr'>Sruno.</span> <span class='ocrx_word' id='word_1_292' title='bbox 474 4102 525 4144; x_wconf 89' lang='lat' dir='ltr'>Lib.</span> <span class='ocrx_word' id='word_1_293' title='bbox 541 4103 586 4147; x_wconf 83' lang='lat' dir='ltr'>v1.</span> <span class='ocrx_word' id='word_1_294' title='bbox 603 4117 625 4157; x_wconf 61' lang='lat' dir='ltr'>p·</span> <span class='ocrx_word' id='word_1_295' title='bbox 641 4100 692 4148; x_wconf 84' lang='grc'>436.</span> <span class='ocrx_word' id='word_1_296' title='bbox 710 4101 743 4148; x_wconf 80' lang='grc' dir='ltr'>Α.</span> 
     </span>
    </p>
   </div>
   <div class='ocr_carea' id='block_1_8' title="bbox 0 0 1394 4710">
    <p class='ocr_par' dir='ltr' id='par_1_11' title="bbox 0 0 1394 4710">
     <span class='ocr_line' id='line_1_37' title="bbox 0 0 1394 4710; baseline 0 0"><span class='ocrx_word' id='word_1_297' title='bbox 0 0 1394 4710; x_wconf 95' lang='lat' dir='ltr'> </span> 
     </span>
    </p>
   </div>
  </div>
 </body>
</html>
