2754 4710
604 428 805 486 „50-

165 599 229 672 rat3
264 589 300 647 ad
314 591 443 650 'caussas
463 590 659 652 occasionales
685 593 775 651 etiam
793 589 886 648 refert
905 590 1085 666 pressionem
1104 609 1143 648 ex
1163 610 1273 670 repe-2

161 693 218 750 tito
236 693 328 752 coitu.
374 695 408 753 ln
438 694 565 770 itinere,
597 695 675 774 quod
702 715 782 752 auno
803 695 878 756 lsslt
900 693 1049 752 Londinos
1067 695 1156 768 fecit,
1181 698 1273 777 opij

165 798 216 855 nio
242 798 304 873 ejus
334 798 508 889 confirmata
536 808 579 856 est
609 798 862 857 observationibus
892 798 928 855 ab
952 798 1156 857 eruditissimo
1179 799 1273 880 Ηεζι

163 904 309 960 enarratis
339 904 371 961 in
402 903 664 982 opereinscripto
686 894 845 962 Praetical
873 904 1091 963 Observations
1111 907 1149 963 in
1168 907 1273 970 Sum

163 1028 246 1088 perp.
289 1009 334 1068 Ex
364 1008 522 1067 duodecim
541 1007 742 1067 carcinomate
772 1008 856 1086 penis
883 1008 1110 1084 laborantibus„
1127 1011 1160 1068 in
1178 1012 1273 1090 qun

161 1112 214 1170 bns
236 1114 472 1192 amputationem
504 1111 677 1171 instituerat
706 1111 785 1190 lley,
809 1132 917 1170 novem
941 1111 1070 1192 plrimosi
1090 1099 1157 1171 sive
1175 1133 1273 1178 com

160 1216 276 1293 genita,
300 1217 363 1274 sive
384 1212 529 1292 acquisita
548 1214 769 1272 laboraverant:
793 1236 871 1294 qnae
892 1217 1126 1294 perduraverat,
1150 1218 1273 1276 dou—

159 1321 256 1397 ipsum
276 1320 445 1378 carcinoma
465 1338 493 1376 se
516 1317 758 1375 manifestassem·
780 1304 1007 1378 Observandum
1020 1330 1081 1396 est,
1105 1333 1273 1400 postat—

160 1426 345 1504 putationem
371 1423 455 1504 penis
467 1416 677 1483 ¹tantummodo
696 1425 728 1481 in
746 1422 841 1480 tribus
859 1423 936 1493 illis,
963 1426 1016 1503 qui
1036 1446 1099 1483 non
1114 1425 1273 1505 phimo,

157 1531 385 1602 laboraverant,
408 1528 576 1588 carcinoma
601 1528 699 1586 denuo
719 1538 859 1587 exortum
875 1529 980 1603 fnisse;
1005 1531 1037 1588 in
1050 1531 1118 1589 aliis
1135 1553 1271 1598 novera

159 1654 220 1689 non
237 1633 320 1690 item.
363 1634 463 1709 Neque
482 1632 515 1688 in
534 1641 661 1709 utroque
680 1652 767 1710 aegro
785 1632 948 1690 doctissimi
966 1634 1056 1720 Rour
1078 1645 1153 1694 tunc
1168 1645 1258 1694 tem-

157 1737 237 1816 poris
261 1737 329 1814 (sex
353 1736 630 1816 postoperationem
650 1736 736 1794 annis
758 1737 879 1814 elapsis)
890 1737 986 1794 ullum
998 1738 1161 1816 vestigium
1180 1760 1247 1798 car-

156 1842 314 1901 cinomatis
341 1844 451 1899 iterum
482 1839 634 1920 prodierat
654 1838 733 1919 (63).
777 1824 969 1918 Qdapropter
986 1851 1094 1901 auctor
1112 1843 1166 1917 iis,
1189 1842 1239 1922 qui

156 1945 306 2023 phimosin
333 1947 519 2024 congenitam
540 1942 649 2000 babent
660 1987 669 2016 ,
701 1942 851 2022 imprimis
866 1945 1139 2004 'circumcisionem
1161 1966 1232 2004 com·

157 2051 286 2109 attendat.
310 2050 409 2110 'llaec
427 2049 487 2106 viri
508 2046 705 2107 eruditissimi
716 2048 819 2126 opinio
837 2049 966 2107 aliorum
984 2049 1229 2118 observationibus

153 2157 356 2213 confirmatur.
399 2153 586 2213 Clarissimus
609 2151 800 2229 Langenbeelt
822 2149 889 2232 (bl)
911 2154 1000 2213 dicit:
1024 2177 1168 2215 cancrum
1186 2174 1227 2234 pe·

155 2262 201 2318 uis
220 2261 253 2317 in
272 2261 424 2338 plerisque
442 2258 554 2318 casibus
575 2265 716 2332 tanquam
739 2257 865 2334 speciem
886 2259 985 2316 cancri
1003 2260 1123 2318 outanei
1145 2259 1225 2332 oriri,

150 2364 214 2421 fere
232 2384 348 2440 semper
364 2363 496 2441 primum
506 2359 626 2416 initium
646 2358 804 2418 facientem
822 2361 1038 2441 inpraepntio,
1050 2365 1099 2422 vel
1109 2365 1143 2422 in
1155 2364 1228 2444 glan·

152 2467 204 2537 de,
231 2469 314 2542 cujus
342 2467 480 2545 pellicula
504 2475 546 2522 est
563 2461 713 2541 praeputii
733 2465 936 2524 continuatio:
959 2468 1068 2546 incipit
1084 2488 1121 2527 ex
1139 2479 1227 2528 tumo-

155 2591 185 2627 re
203 2569 329 2648 (prodam
346 2569 490 2626 indurato
500 2615 510 2642 ,
533 2567 588 2646 qui
608 2563 759 2642 imprimis
781 2588 834 2646 per
856 2569 1078 2644 irritationem,
1103 2592 1179 2650 quae
1189 2570 1225 2628 fa·

152 2677 208 2735 cile
228 2677 260 2733 in
280 2677 334 2734 liae
345 2687 439 2762 ‘parte
457 2675 581 2741 accidit,
603 2674 636 2736 in
648 2673 733 2731 ulcus
752 2691 928 2733 cancrosnm
940 2676 1066 2750 transit,
1079 2677 1158 2755 quod
1169 2694 1233 2736 serr.

151 2782 207 2839 sim
238 2780 406 2858 sensimque
436 2779 524 2837 latius
545 2777 656 2854 serpit,
678 2775 750 2832 adeo
774 2786 806 2833 ut
829 2787 891 2835 tota
909 2778 993 2856 penis
1012 2780 1048 2837 ad
1060 2801 1165 2840 arcum
1185 2800 1226 2838 os·

149 2884 227 2943 sium
243 2885 329 2964 pubis
352 2905 443 2962 usslue
461 2885 552 2962 possit
568 2883 672 2940 deleri.
713 2880 829 2939 Natura
848 2883 957 2941 ulceris
976 2895 1020 2943 est
1035 2905 1225 2961 prorsuscar·
1247 2920 1251 2927 ‚

147 2989 348 3064 cinomatosa,
373 3011 442 3049 cum
457 2986 669 3049 excrescentiis
687 2985 836 3063 fungosis,
860 2988 1023 3045 secretione
1040 2989 1155 3050 ichoris
1170 2991 1224 3048 foe·
1249 3028 1252 3035 ·

146 3092 202 3150 ridi
220 3103 249 3151 et
269 3093 418 3150 doloribus
445 3090 724 3150 vehementissimis.
766 3089 858 3146 Putat
879 3090 921 3148 Cl.
946 3089 1144 3170 Langenbeck
1164 3088 1242 3173 (65)⁴

147 3217 278 3254 caussam
299 3192 392 3273 hujus
424 3188 631 3256 carcinomatis
659 3193 766 3272 speciei
789 3194 915 3252 localein
935 3215 1010 3266 esse,
1031 3195 1125 3277 idque
1143 3216 1225 3276 prop·

147 3306 193 3354 ter
218 3297 349 3356 faustum
375 3300 492 3356 exitum
520 3296 753 3378 amputationis,
785 3316 875 3374 quarn
905 3319 965 3355 non
994 3299 1179 3384 facile,·uti
1195 3299 1224 3357 in

146 3401 345 3459 carcinomate
374 3401 601 3480 glandularum,
636 3396 773 3456 recidiva
791 3398 1005 3479 insequuntur.
1047 3404 1094 3462 Ad
1116 3421 1222 3465 caussae

144 3503 404 3581 praedisponeutes
431 3504 583 3584 phimosin
605 3501 700 3560 refert
721 3500 807 3582 (66),
828 3505 863 3562 in
881 3524 941 3584 qua
960 3506 1130 3585 saepissime
1148 3508 1221 3589 glans

140 3635 342 3648 m

172 3703 221 3761 (63)
239 3705 321 3753 Roas,
336 3704 353 3746 l.
368 3717 387 3768 c.
402 3720 425 3760 p.
441 3705 493 3748 262.
566 3700 571 3709 ’
984 3764 989 3773 Ι

143 3804 153 3818 ’-
173 3784 221 3842 (64)
241 3787 414 3834 Lauernam,
432 3784 548 3840 llosologie
562 3787 607 3827 und
620 3788 733 3844 Therapie
746 3786 785 3826 der
802 3787 976 3843 Chirurgiscben
989 3791 1153 3834 Krankheiten.
1165 3785 1216 3833 bnt·

142 3865 312 3911 t'.nt›t11.11.
333 3866 482 3922 Gottingae,
504 3865 568 3910 1840.
588 3882 611 3922 p.
624 3869 676 3911 818.

176 3946 224 4004 (65)
244 3948 300 3990 lbitl.
317 3963 339 4003 p.
353 3947 404 3990 319.
586 3952 592 3963 ’
638 3949 686 4007 (tt)
703 3952 761 3997 Ibid.
776 3967 799 4007 p.
812 3954 863 3998 820.
