2754 4710
588 406 807 465 -162-

152 566 207 627 'sed
223 568 329 646 vulgus
346 565 563 626 incantationes
580 566 772 645 praecipuam
793 566 957 627 medicinae
972 581 1088 649 partem
1100 573 1211 635 habebat.

158 674 369 754 Aesculapium
395 672 469 730 artis
500 672 699 751 gymnasticae
726 671 927 732 institutorem
956 673 1062 750 fuisse,
1107 696 1143 736 ex
1161 680 1209 737 loon

157 779 261 840 Galeui
277 778 360 838 Libri
383 776 474 856 primi
489 774 526 833 de
546 776 673 834 sanitate
689 773 813 847 tuenda,
838 775 1020 837 ubidicitur
1039 780 1211 861 Aesculapius

152 883 293 963 quosdam
313 879 439 955 venari,
460 879 596 959 equitare
617 887 707 956 atque
728 887 860 939 armatos
868 883 1153 961 exercitarijussisse
1161 871 1211 967 (38)

156 989 262 1048 confici
292 989 417 1066 nequit:
439 984 503 1061 jam
521 982 601 1042 dixit
618 981 794 1054 Schuuius,
818 984 915 1043 locum
930 986 1019 1046 illum
1041 989 1137 1047 minus
1150 1009 1213 1068 spec

153 1092 265 1151 taread
286 1111 330 1161 ea,
349 1109 426 1170 quae
444 1087 634 1166 Aesculapius
653 1085 952 1165 ipseinterbomines
968 1102 1100 1151 versatus
1118 1091 1212 1168 fecerit,

154 1197 367 1276 quamquidem
399 1194 436 1253 ad
463 1214 515 1269 ea,
547 1212 624 1272 qliae
641 1190 743 1250 callidi
762 1191 927 1253 sacerdotes
948 1194 1139 1272 Pergameni,
1159 1196 1215 1255 Aes·

136 1301 265 1380 'oulapii
289 1298 427 1375 nomine,
449 1297 593 1356 memoria
614 1293 717 1352 Galeui
744 1296 878 1356 lecerunt
908 1296 996 1379 (39);
1018 1310 1050 1359 et
1067 1301 1129 1380 ipsa
1143 1300 1216 1360 verba

153 1405 260 1466 Galeni
284 1404 439 1477 indicant,
468 1400 641 1460 Schulzium
671 1398 778 1458 merito
805 1400 970 1461 dubitasse:
997 1403 1133 1482 loquitur
1150 1403 1214 1465 euin

153 1508 189 1567 de
216 1508 391 1586 Aesculapio
417 1505 515 1584 patrio
543 1505 608 1561 Deo
628 1506 660 1578 (ὁ
679 1507 802 1583 aaronis
822 1508 894 1572 Θεὸς
917 1507 996 1581 ἡμῶν
1019 1508 1213 1583 Ἀσκληπιὸς),

152 1610 185 1668 id
204 1619 267 1684 est,
286 1609 323 1666 de
348 1629 403 1684 eo,
433 1608 486 1686 qui
520 1607 676 1683 Pergami,
704 1607 808 1666 Galeni
833 1609 898 1668 loco
928 1610 1040 1687 natali,
1062 1611 1215 1684 colebatur3

153 1735 249 1794 neque
269 1715 362 1791 dicit,
383 1711 593 1792 Aesculapium
610 1711 707 1790 ipsum
730 1713 761 1770 in
780 1715 868 1772 terris
877 1714 1030 1792 degentem
1042 1717 1217 1775 exercitatio·

152 1841 204 1881 nes
227 1820 298 1879 istas
319 1819 551 1888 commendasse,
575 1815 625 1874 sed
642 1817 762 1874 nomine
783 1817 848 1893 ejus
869 1818 1051 1895 sacerdotes,
1072 1830 1213 1900 postquam

151 1926 214 2004 ipse
242 1925 305 2002 jam
330 1923 384 1982 diu
412 1922 445 1980 in
474 1921 603 1980 Deorum
627 1938 786 1978 numerum
815 1921 875 1980 soit
898 1933 1043 2002 receptus.
1086 1924 1211 2003 Equidem

150 2027 245 2106 igitur
279 2023 447 2103 Aesculapii
474 2021 652 2080 medicinam
674 2042 735 2081 non
753 2025 825 2083 adeo
847 2026 883 2083 ab
898 2027 1066 2106 antiquiori
1082 2027 1212 2087 diversam

151 2129 262 2200 habeo,
295 2148 390 2206 neque
414 2125 502 2184 credo
530 2124 657 2183 eundem
685 2127 722 2184 ob
748 2129 889 2188 eximiam
908 2131 1034 2189 curandi
1055 2132 1210 2192 methodum

153 2232 274 2292 divinos
292 2232 419 2291 honores
438 2229 600 2308 accepisse,
624 2229 674 2287 sed
685 2232 783 2309 potius
802 2232 838 2290 ob
857 2232 1039 2294 felicissimas
1050 2237 1209 2309 sanatione,

152 2336 264 2415 quibus
281 2335 444 2394 etiamnum
464 2331 651 2412 potissimum
678 2333 714 2392 de
731 2333 915 2394 medicorum
935 2336 1068 2397 sollertia
1082 2340 1208 2415 judiciuin

151 2437 313 2516 profertur.
355 2437 416 2496 Diu
436 2435 654 2504 medicinailla‚
676 2456 752 2514 quae
768 2457 821 2514 per
840 2437 1058 2501 incantationes
1067 2442 1158 2518 fiebat,
1166 2441 1207 2500 da·

150 2539 246 2611 ravit,
284 2539 356 2596 adeo
380 2548 415 2597 nt
437 2546 595 2596 sectatores
620 2537 819 2617 Pythagorae,
842 2544 894 2620 qui
915 2554 1032 2620 praeter
1052 2547 1205 2606 medicinam

148 2644 239 2702 etiam
266 2643 411 2701 musicam
437 2650 466 2700 et
494 2651 587 2698 artem
608 2640 765 2699 divinandi
790 2644 978 2714 excolebant,
1002 2642 1116 2708 morbos
1134 2648 1203 2707 etian

146 2747 396 2808 incantationibus
423 2755 582 2821 curarent,
612 2765 709 2824 neque
725 2747 819 2808 animi
838 2750 954 2828 solnm,
982 2751 1033 2811 sed
1051 2755 1139 2813 etiam
1153 2770 1203 2812 aar·
1246 2762 1250 2769 '

143 2852 224 2931 poris
247 2851 446 2930 aegritudines
466 2849 546 2931 (140).

639 3034 654 3108 ξ
678 3036 725 3094 13.

187 3218 378 3297 Aesculapius
402 3220 526 3298 ejusque
553 3219 609 3277 filii
636 3217 729 3295 igitur
748 3218 830 3277 nobis
846 3222 982 3300 exempla
1005 3235 1078 3284 sunt
1100 3236 1198 3288 aarum,

144 3320 295 3397 qui-licet
313 3321 489 3380 medicinam
511 3323 716 3396 exercuerint,
740 3333 837 3381 tamen
849 3344 947 3404 neque
962 3337 1055 3405 vates,
1073 3339 1200 3408 nequem·

142 3423 273 3483 cerdotes
297 3434 401 3500 erant,
433 3425 508 3505 quin
527 3426 616 3484 etiam
635 3426 801 3487 Podalirius
822 3439 852 3488 et
875 3430 1021 3491 Machaon
1042 3455 1107 3492 cunr
1126 3433 1200 3492 Gne·

172 3665 221 3722 (3⁸)
243 3666 334 3709 Getes.
357 3667 383 3707 de
397 3666 469 3708 Sanit.
492 3665 568 3707 tuend.
589 3665 639 3707 Lib,
657 3667 677 3708 1.
694 3667 802 3712 c0V111.
820 3681 841 3720 p.
859 3668 896 3712 66.
912 3666 942 3711 G.
957 3670 1029 3721 class,
1047 3674 1080 3717 11.
1096 3672 1199 3715 cd.9·¹l·

144 3745 207 3788 luat.
224 3760 248 3801 p.
266 3746 318 3789 131.
334 3748 364 3791 D.
381 3748 415 3790 cd.
437 3746 542 3790 Gaianas.

173 3824 221 3881 (39)
238 3827 335 3871 Sennea.
350 3829 414 3872 Hiar.¹
428 3829 489 3872 Mod.
506 3830 558 3871 Per.
576 3829 597 3872 1.
613 3827 673 3871 Soet.
689 3828 723 3871 11.
740 3841 789 3882 cap.
806 3831 840 3872 11.
857 3835 878 3888 ς.
896 3832 932 3876 17.
948 3846 971 3888 p.
988 3834 1026 3879 85.
1242 3776 1250 3883 A.

172 3906 218 3962 (to)
235 3908 360 3952 Jauamca.
376 3912 403 3952 da
417 3911 460 3954 rit.
476 3911 572 3968 Pythag.
589 3924 639 3965 cap.
653 3911 743 3955 XXIX.
759 3925 781 3967 p.
801 3912 850 3958 163.
865 3928 900 3970 sq.
916 3917 948 3961 al.
967 3918 1017 3962 139.
1034 3934 1066 3976 sq.
1081 3903 1204 3974 cariffi·

148 4005 170 4045 p.
190 3988 239 4034 110.
254 4005 287 4046 sq.
304 3991 334 4034 al.
348 3992 385 4034 92.
402 4006 435 4046 sq.
457 3994 578 4036 Peuma,
594 3995 620 4036 da
635 3993 678 4036 rit.
694 3993 790 4050 Pytbag.
807 4006 828 4047 p.
846 3993 883 4038 30.
900 4011 924 4052 p.
942 3996 979 4040 33.
996 4013 1029 4055 sq.
