2754 4710
584 461 802 522 -189-

147 644 238 685 sensu
274 631 363 701 atque
398 621 537 681 habitare
573 631 670 701 potest
701 623 805 700 accipi.
845 623 924 701 lpsos
953 637 1134 704 aegrotantes
1164 635 1232 697 τοϊς·
1319 657 1320 661 “

146 735 245 798 ἱκέτας
282 728 331 787 vel
370 737 439 795 τοῦς
483 733 666 794 ἱκετεύοντας
693 726 802 802 fuisse,
842 727 931 786 etiam
959 724 1042 808 polet
1069 752 1107 790 ex
1133 732 1233 791 Philo-

146 843 264 909 strato,
302 831 382 911 apud
421 852 510 911 quem
543 832 580 890 de
606 831 783 912 Apollonio,
816 833 1026 911 Asclepiadem
1058 857 1136 908 uno,
1159 822 1232 917 legi-

146 959 230 997 mus:
275 937 475 1016 oApollonius
513 958 605 1016 quum
640 939 812 1016 Pergamum
848 939 993 1014 venisset,
1033 928 1232 1018 supplicibus-

147 1061 211 1121 que
235 1044 314 1116 (τοῖς
347 1065 376 1099 τε
406 1043 589 1115 ἱκετείουσι)
620 1042 790 1121 Aesculapii
818 1041 1052 1120 suppeditasset,
1082 1043 1155 1121 quid
1187 1046 1232 1102 la-

147 1143 290 1208 ciendum
321 1131 376 1216 sit,
402 1154 437 1202 ut
461 1144 574 1202 somnia
596 1155 675 1203 reete
699 1146 885 1204 consulentis
902 1145 940 1205 iis
960 1146 1129 1226 obtingant,
1154 1150 1234 1206 mul·

146 1250 250 1328 tisquo
275 1247 347 1307 itero
373 1249 530 1307 sanitatem
556 1251 759 1323 restituisset,¹
781 1261 835 1310 etc.
864 1251 954 1332 (bl)’'
997 1253 1149 1331 Supplices
1164 1253 1226 1325 illi,

148 1355 260 1435 quibus
289 1353 494 1446 suppeditavit
526 1354 700 1432 Apollonius
729 1357 921 1435 restituitque
956 1345 1111 1417 sanitatem
1122 1405 1136 1433 „
1170 1382 1230 1417 nou

145 1461 254 1540 templi
282 1460 404 1538 quidam
431 1470 517 1518 erant
546 1461 696 1537 ministri,
726 1461 777 1519 sed
805 1481 910 1519 revera
940 1471 1140 1540 aegrotantes,
1178 1464 1231 1540 qui

146 1566 297 1647 supplices
327 1568 365 1626 ad
392 1568 486 1626 Deum
518 1578 675 1639 verterant,
708 1577 743 1626 ut
761 1566 871 1624 morbis
890 1555 1101 1626 liberarentur.
1143 1567 1232 1639 Quod

144 1684 248 1733 autem
279 1673 317 1731 ad
348 1674 463 1731 somnia
503 1674 632 1746 attinet,
672 1693 749 1752 quae
790 1671 848 1748 ipsi
887 1671 1050 1729 sacerdotes
1088 1693 1231 1731 eorumve

145 1776 261 1835 aeditui
287 1797 342 1855 pro
370 1774 498 1856 aegrotis
517 1775 722 1849 somniabant,
749 1775 831 1834 hunc
850 1795 934 1835 tasum
955 1796 1018 1833 non
1035 1776 1130 1834 solum
1152 1788 1229 1836 tem·

145 1901 220 1958 pore
251 1879 409 1955 Aristidis,
440 1880 489 1938 sed
519 1881 573 1938 diu
599 1888 680 1939 a'nte.
697 1901 763 1937 eum
792 1882 824 1937 in
852 1879 970 1958 templis
993 1880 1162 1959 Aesculapii
1182 1883 1230 1940 vi·

146 1983 262 2063 guisse',
289 1993 396 2042 'arcator
427 1983 514 2064 nobis
541 1995 585 2042 est
616 1983 789 2042 Pausanias.
840 1981 1020 2059 Epidaurius
1044 1982 1124 2041 enim
1149 1987 1230 2043 Deus

147 2087 232 2147 misit
251 2085 412 2170 advirum
434 2087 592 2167 quemdam
611 2084 802 2164 Phalysium,
825 2086 879 2163 qui
900 2085 1070 2165 Naupacti„
1094 2086 1229 2147 Phocen-

148 2193 229 2252 sium
254 2191 349 2266 urbe,
371 2192 537 2262 habitabat,
568 2183 607 2250 ex
627 2191 720 2250 oculis
737 2192 867 2269 graviter
884 2189 1088 2266 laborantem,
1106 2194 1229 2272 -Anyten

148 2294 300 2376 quandam
327 2294 488 2376 trientinam
519 2294 669 2354 versibus·
687 2289 844 2354 faciendis
867 2294 1013 2373 insignem
1034 2291 1126 2376 (62),
1160 2318 1229 2356 cum

148 2398 258 2458 tabulis
268 2383 274 2454 ᾗ
288 2398 461 2478 obsignatis,
494 2419 544 2458 eas
571 2419 624 2477 per
652 2399 752 2459 visum
775 2398 808 2455 in
832 2398 932 2475 quiete
962 2397 1073 2457 mulier
1096 2388 1230 2479 accipere

150 2505 210 2564 sibi
231 2505 297 2564 visa
318 2505 431 2578 luerat,
455 2505 505 2563 sed
521 2523 600 2564 vero.
614 2513 726 2562 eventu
752 2511 873 2560 res-est.
898 2501 1106 2580 comprobata;
1132 2503 1231 2562 tenuit
1269 2568 1278 2585 ,

148 2609 233 2667 enim
249 2595 392 2667 =ntani'bus-
405 2609 469 2682 jam
484 2607 611 2684 vigilans
633 2606 796 2683 obsignatas
814 2606 938 2664 tabulas.
981 2605 1122 2664 Narratio
1138 2607 1226 2680 haec,

146 2713 222 2773 lieet
260 2711 422 2771 certissime
464 2711 636 2790 superstitio
663 2710 757 2767 multa
785 2709 814 2765 ei
848 2707 1012 2781 addiderit,
1048 2731 1065 2766 a
1103 2711 1230 2769 veritate

146 2816 262 2888 aliena,
297 2827 397 2874 tamen
418 2814 488 2874 ’hoc
516 2814 637 2892 probat,
670 2813 733 2889 jam
767 2822 842 2871 tuno
871 2813 1013 2888 temporis
1042 2833 1102 2870 non
1135 2815 1229 2874 solum

144 2905 280 3000 aegrotos
310 2941 365 2998 pro
393 2917 486 2977 'semet
502 2918 577 2995 ipsis
598 2917 786 2991 incubuisse,
817 2915 867 2974 sed
887 2917 1003 2994 saepius
1023 2917 1114 2974 etiam
1135 2939 1232 2976 sacer-

146 3027 231 3086 dotes
258 3046 401 3085 eorumve
428 3025 579 3084 ministros
608 3044 663 3104 pro
688 3021 805 3079 iisdem
823 3019 991 3079 somniasse.
1031 3022 1107 3080 Rem
1128 3033 1229 3083 antem

149 3140 303 3189 narratam
332 3128 542 3206 antiquissimo
571 3128 700 3206 'quodam
719 3135 853 3203 tempore
872 3125 1031 3200 accidisse,
1048 3146 1087 3184 ex
1107 3146 1142 3184 eo
1160 3148 1231 3186 con-

147 3235 236 3295 ficere
269 3234 378 3309 velim,
413 3233 493 3312 quod
521 3234 655 3313 tempore
688 3232 849 3291 Pausaniae
877 3231 984 3311 templi
1012 3231 1111 3304 illius,
1152 3234 1231 3311 quod

152 3440 154 3444 μ
182 3456 231 3512 tot)
247 3461 403 3505 Psmosrass.
419 3456 462 3498 vit.
477 3454 555 3510 Apoll.
570 3455 645 3509 l'yan.
661 3454 712 3495 Lib.
728 3455 772 3498 lv.
788 3466 808 3495 c.
826 3452 862 3493 ll.
877 3466 899 3506 p.
918 3451 967 3496 tta.

180 3538 229 3596 (62)
245 3541 314 3581 Pius.
331 3539 362 3581 x.
379 3539 416 3581 as,
431 3534 444 3574 t)
457 3517 507 3588 rip
524 3517 689 3586 ποιήσασαν
711 3515 745 3570 τὰ
765 3515 848 3584 obp-’²
879 3535 1013 3589 auspicatur
1034 3536 1105 3577 Krisa
1124 3550 1145 3578 a.
1168 3538 1191 3582 h.
1212 3537 1229 3580 1.

155 3602 206 3671 τήν
225 3601 389 3670 ποιήσασαν
411 3600 445 3655 τὰ
462 3599 515 3673 ’ἶζῑη
532 3616 602 3658 tuisse
616 3616 734 3657 mulierem
751 3597 964 3670 prgttonottlv,
988 3631 1044 3670 quae
1058 3633 1162 3674 responsa
1174 3621 1231 3664 Aes-

153 3701 239 3756 culapii
253 3701 277 3742 in
291 3715 369 3742 versus
382 3699 455 3754 epicos
468 3699 595 3753 redigebat5
609 3696 735 3751 hujusmodi
750 3679 963 3752 χρηςμθπθιὸυς
982 3706 1071 3752 praesto
1089 3700 1160 3742 suis„
1174 3702 1231 3744 Aeg.

150 3783 241 3838 calepio
254 3781 346 3837 ejusque
358 3780 472 3836 mysteriis
485 3779 552 3821 etiam
560 3785 623 3833 patet
630 3792 656 3819 ex
663 3777 759 3820 Luciani
767 3777 897 3820 Alexandro
903 3767 1070 3826 Pseudbmenti.
1087 3783 1125 3826 Cf.
1134 3784 1230 3828 sonum.

150 3865 211 3906 Hist.
227 3864 288 3905 Med.
302 3863 356 3905 Per.
371 3863 392 3904 1.
407 3862 466 3902 Sect.
484 3861 516 3901 ll.
532 3874 581 3914 cap.
598 3861 668 3913 IV.§
688 3857 725 3900 3⁰.
747 3854 772 3899 in
791 3865 868 3902 annot.
892 3860 932 3900 ubi
950 3869 1029 3903 auctor
1037 3858 1184 3919 ,fpostquam
1204 3869 1231 3909 de

150 3935 361 4000 χρησμοποιοῑς
377 3943 426 3983 istis
440 3942 528 3982 locutus
541 3948 590 3990 est,
603 3941 670 3997 dicit:
690 3938 775 3983 nNulla
787 3946 862 3981 autem
878 3941 995 3984 dubitandi
1008 3957 1086 3986 caussa
1100 3953 1147 3994 est,
1162 3947 1229 3989 inre-

141 4028 213 4083 liquis
230 4027 318 4081 templis
337 4026 424 4074 satem,
440 4035 495 4076 quae
508 4023 544 4064 hic
558 4024 673 4077 instituta,
689 4028 766 4072 erant,
779 4029 819 4064 aut
843 4037 888 4065 non
900 4025 997 4068 multum
1011 4027 1098 4070 diversa
1110 4028 1231 4082 viguisse.¹’
