2754 4710
670 450 873 509 *52-

234 608 348 670 verosi
368 608 513 683 ulceratae
532 592 610 683 siut,
632 619 729 668 metus
746 607 841 682 adest,
865 627 903 668 ne
919 618 980 668 tota
1000 610 1175 681 constitutio
1192 614 1224 672 iu
1237 624 1311 677 'eou-

232 735 350 779 sensum
368 715 503 794 rapiatnr
523 714 608 796 (70);
630 715 663 774 iu
686 716 740 773 tali
759 734 827 775 casu
843 713 974 791 profecto
995 715 1058 793 ipsa
1076 719 1241 794 amputatio
1253 742 1308 800 pe.

231 814 278 881 nis
296 842 356 880 uon
367 836 370 841 ·
379 822 468 898 juvat
477 867 486 896 ,
505 830 535 879 et
553 841 632 880 mors
649 816 848 901 insequetur,¹
865 839 980 879 necesse
1000 831 1052 880 est.
1094 822 1195 901 Neque
1215 826 1307 886 etiam

225 927 401 987 'mirambun
421 937 480 1001 est,
507 926 635 1005 Apioni‚
668 927 693 985 si
712 925 830 983 morbus
850 924 886 984 ad
907 925 988 984 bunc
1006 925 1130 1005 gradum
1151 933 1308 1007 pervenis-

229 1039 271 1089 set
284 1040 301 1106 ,'
316 1030 568 1090 circumcisionem
588 1029 669 1088 nibil
685 1028 839 1109 profuisse.
1220 1016 1224 1021 ’

683 1176 687 1181 ’
720 1151 804 1286 ers.

268 1419 310 1478 Ut
336 1419 430 1497 igitur
453 1419 554 1497 paucis
581 1417 682 1476 omnia
704 1417 896 1476 contraham:
921 1417 1110 1476 circumcisio
1138 1418 1174 1477 in
1201 1420 1306 1482 calidis

228 1524 399 1603 regionibus
411 1544 546 1600 magnam
567 1523 728 1582 utilitatem
747 1521 854 1598 habet,
872 1522 909 1580 ad
928 1522 1105 1581 munditiem
1125 1536 1308 1602 promoveb-

226 1629 313 1686 clam:
334 1629 428 1687 abiis
448 1648 536 1699 vero,
560 1627 613 1706 qui
629 1629 693 1687 sive
720 1629 856 1707 contagio
874 1626 1050 1708 syphilitico
1070 1630 1192 1698 suarant
1211 1652 1301 1711 expo·

225 1735 295 1802 sitig
319 1735 383 1792 sive
401 1734 532 1810 phimosi
551 1735 705 1812 congenita
723 1733 879 1798 laborant.
910 1734 1047 1810 graviora
1076 1735 1154 1792 mala
1183 1738 1305 1795 avertit.

227 1837 311 1896 Multi
334 1837 423 1896 nimis
439 1837 564 1896 subtiles
578 1837 715 1909 suerunt,
738 1858 832 1914 quum
856 1837 893 1895 cle
915 1837 1150 1897 circumcisionis
1176 1839 1306 1919 physicis

224 1943 408 2002 utilitatibus
428 1942 612 2022 indagarent.
636 1941 680 2002 nd
699 1963 789 2020 quos,
810 1962 857 1999 me
875 1941 992 2018 judice,
1011 1942 1165 2020 pertinent
1183 1942 1207 2000 ii
1219 1989 1227 2018 ‚
1239 1946 1299 2022 qui,

224 2047 270 2106 uti
290 2044 480 2106 Ackermaun
500 2037 587 2128 (71),
613 2055 736 2124 putant,
763 2045 1019 2106 circumcisionem
1043 2046 1204 2124 impedire,
1229 2069 1304 2126 quo-

227 2148 326 2208 minus
342 2140 414 2206 acleo
430 2149 519 2207 facile
542 2147 634 2212 libido
647 2149 784 2220 oriatur,
807 2172 900 2228 quum
925 2151 1038 2209 scilicet
1055 2151 1224 2210 circumcisi
1244 2154 1303 2210 mi·
1320 2174 1326 2187 ·

223 2274 280 2310 nus
297 2252 333 2310 ad
357 2251 621 2310 masturbationem
639 2260 736 2311 essent
750 2253 908 2330 proclives,
925 2254 1103 2332 quippequa
1122 2254 1237 2314 dolores
1255 2255 1300 2313 ef⁴

222 2356 392 2415 ficerentur.
419 2346 581 2432 ¹Equidem
600 2377 668 2414 cnm
693 2357 858 2416 clarissimo
879 2357 1031 2417 Michaelis
1051 2357 1119 2438 (72)
1141 2359 1219 2418 hanc
1242 2361 1301 2419 cir-

222 2459 413 2545 cumcisionis
429 2458 591 2518 utilitatem
607 2481 668 2517 nou
687 2458 775 2517 multi
793 2459 888 2534 facio,
914 2480 982 2518 cnm
1000 2481 1095 2540 neque
1123 2482 1162 2520 ex
1181 2463 1298 2522 theoria

221 2549 383 2640 neque-ex
402 2562 609 2622 observatione
632 2563 754 2641 probari
783 2563 894 2640 possit,
920 2564 1108 2624 circumcisos
1130 2565 1201 2626 hnic
1224 2568 1299 2627 vitio

221 2666 322 2725 minus
344 2687 437 2745 quam
457 2676 586 2726 caeteros
612 2666 747 2725 homines
762 2665 876 2724 deditos
895 2664 999 2737 fnisse,
1023 2686 1120 2746 neque
1139 2652 1179 2729 ‚ex
1205 2668 1298 2728 histo·

161 2834 163 2838 Α
220 2773 266 2831 ria
286 2782 409 2852 pateat,
426 2771 509 2830 iuter
530 2771 654 2831 ludaeos
676 2789 755 2844 non,
775 2770 821 2828 nti
845 2769 927 2828 inter
948 2779 1077 2829 caeteras
1106 2790 1207 2861 omnes
1232 2793 1298 2852 gen-

219 2885 261 2935 tes
273 2890 281 2952 3
302 2877 529 2938 masturbatores
554 2877 701 2939 exstitisse
726 2871 806 2954 (73).

720 3095 800 3110 m

275 3220 327 3314 Ba
347 3250 475 3340 legibus
500 3247 669 3316 Mosat'cis
683 3269 796 3347 ,jonae
812 3224 1030 3323 dr'aetctr’eurir
1057 3219 1238 3312 utilitatem

592 3365 747 3430 habuisse
769 3353 935 3427 videntur.
1027 3418 1032 3427 .
1233 3362 1236 3369 ’

720 3555 804 3634 sss.
857 3598 860 3607 .

256 3715 453 3777 Doctissirnus
483 3718 639 3779 Carassone
662 3716 699 3775 de
727 3713 930 3778 Hebraeorum
957 3717 1105 3780 medicina
1136 3703 1227 3780 verba
1250 3720 1293 3779 fa·

243 3892 291 3974 (lb)
310 3919 463 3963 hinnisse:
472 3912 484 3967 ,’
494 3916 546 3967 1.,ο.
560 3929 584 3971 p.
601 3914 651 3958 820.
772 3911 821 3970 (71)
837 3913 853 3957 1.
869 3928 888 3957 c.
909 3928 931 3969 p.
947 3915 984 3959 69.
1088 3966 1091 3970 ,

250 4000 297 4060 (72)
315 4001 373 4044 Mos.
392 4000 460 4055 negt.
479 3997 524 4044 lV.
543 4012 565 4056 p.
579 3997 605 4041 tl
621 4011 670 4053 sqq.
725 3995 772 4054 (73)
789 3995 826 4038 Cf.
840 3987 959 4039 chronr.
973 3995 1071 4040 Leiicon
1082 3997 1161 4042 Chald.
1176 4013 1199 4056 p.
1209 3998 1250 4042 ΗΖ
1263 4013 1296 4055 sq.
