2754 4710
528 467 748 524 -1210

89 624 169 686 talia
180 624 359 684 insanabilia
371 624 439 682 inde
448 623 628 686 dicebantur
641 627 736 684 ulcera
748 624 891 684 Chironia
903 628 1002 701 (ἕλκεα
1012 630 1152 704 yssodun
1157 624 1167 687 l

90 728 322 789 Observandum
353 738 453 787 tamen
480 739 543 804 est,
573 729 722 800 Plinium,
738 728 794 788 hoc
816 729 941 787 vulnere
963 739 1098 788 sanatum
1115 747 1176 787 esse

92 834 278 908 Chironem,
297 832 424 891 dixisse:
448 853 506 911 qua
534 832 567 890 iu
592 852 632 893 re,
656 833 748 911 igitur
776 843 866 892 errat.
911 833 998 905 Quod
1016 825 1113 890 antem
1137 831 1175 888 ad

92 935 371 1021 ulceraChironia
397 936 521 1011 attinet,
551 936 679 1008 vulnus,
698 957 777 1014 ,quo
805 936 917 995 Chiron
950 944 1085 994 mortuns
1115 954 1177 1001 esse

93 1040 289 1119 perhibetur,
316 1041 482 1100 certissime
502 1052 611 1099 natura
637 1062 690 1098 sua
720 1041 843 1098 minime
870 1041 1013 1099 convenit
1043 1061 1110 1098 cnm
1138 1040 1176 1097 iis

94 1144 268 1220 ulceribus,
290 1165 367 1229 quae
385 1166 403 1201 a
424 1144 545 1203 medicis
564 1154 700 1203 veterum
721 1145 864 1204 Chironia
880 1145 1075 1204 vocabantur.
1099 1144 1175 1204 Nam

95 1259 134 1307 ut
150 1250 187 1307 de
206 1247 360 1319 scholiasta
376 1258 542 1324 taceamus,
564 1249 700 1322 dicente,
724 1250 822 1309 ulcera
843 1249 981 1308 chironia
1002 1249 1045 1307 ita
1072 1257 1179 1306 vocata

93 1373 174 1423 esse,
208 1354 281 1432 quia
308 1353 417 1412 Chiron
447 1372 551 1411 eorum
570 1355 756 1413 curationem
778 1352 921 1412 docuerat
943 1352 1051 1433 (lillt),
1075 1351 1178 1409 videa·

94 1477 187 1530 mus,
209 1456 282 1533 quid
303 1456 338 1514 de
360 1457 467 1514 talibus
487 1457 634 1527 ulceribus
651 1460 785 1519 dixerint
809 1458 937 1516 medici:
978 1455 1178 1516 »Chironium

95 1570 199 1634 antem
221 1560 310 1621 ‚ulcus
340 1596 377 1607 -
405 1562 448 1618 ita
477 1563 575 1621 Celsus
603 1598 642 1610 --
672 1563 859 1642 appellatur,
882 1561 961 1639 quod
989 1570 1019 1618 et
1040 1580 1179 1638 magnum

96 1673 143 1721 est
169 1674 199 1720 et
226 1664 313 1722 habet
341 1685 408 1721 oras
441 1665 531 1723 duras
548 1667 689 1737 callosas,
711 1677 870 1726 tumentes.
910 1665 982 1723 Exit
1003 1666 1098 1740 sanim
1119 1685 1180 1722 nou

96 1772 216 1842 multa,
244 1772 294 1830 sed
325 1773 442 1846 tenuis,
466 1772 539 1830 odor
567 1772 660 1830 malus
689 1789 787 1848 neque
813 1770 846 1826 in
872 1769 989 1837 ulcere,
1022 1788 1117 1845 neque
1144 1766 1178 1824 in

95 1875 161 1951 ejus
177 1876 302 1934 humore
323 1886 386 1934 cst:
410 1877 494 1934 nulla
512 1876 727 1949 inflammatio3
750 1875 835 1933 dolor
856 1875 992 1933 modicus
1012 1885 1075 1946 est,
1101 1872 1180 1931 nihil

96 1980 210 2059 serpit:
231 1981 357 2059 ideoque
374 1982 489 2038 nullum
504 1981 678 2058 periculum
699 1978 799 2052 affert,
821 1978 872 2036 sed
892 1998 952 2035 non
973 1976 1061 2035 facile
1079 1996 1180 2036 sanes-

98 2086 152 2141 cit.
195 2083 348 2141 lnterdum
368 2083 466 2141 tenuis
488 2083 616 2142 cicatrix
637 2083 809 2154 inducitur,
833 2082 940 2141 deinde
966 2081 1078 2141 iterum
1095 2102 1179 2141 rum-

96 2188 200 2266 pitur,
233 2188 375 2267 ulcusque
397 2197 570 2247 renovatur.
612 2185 660 2245 Fit
683 2186 814 2244 maxime
832 2186 866 2243 in
887 2185 1009 2264 pedibus
1025 2195 1056 2242 et
1079 2184 1182 2245 cruri-

96 2293 153 2351 bus
176 2289 275 2373 (68).”
318 2292 422 2371 ltaque
442 2312 526 2350 mors
540 2311 579 2350 ex
600 2290 653 2348 tali
680 2292 778 2350 ulcere
794 2311 859 2348 non,
873 2290 959 2348 facile
977 2290 1060 2367 sequi
1080 2289 1181 2348 crede-

96 2396 203 2453 batur:
232 2396 376 2455 videntur
406 2396 513 2454 medici
536 2417 645 2457 nomen
675 2399 810 2459 Chironii
831 2398 980 2457 ulceribus
1001 2397 1180 2476 quibusdam

100 2499 208 2578 pedum
240 2501 425 2588 potissimum
450 2501 623 2580 imposuisse
644 2502 680 2560 ob
700 2504 800 2562 lucum
816 2502 953 2561 allectum
974 2500 1049 2581 (vid.
1072 2503 1103 2560 in
1125 2521 1181 2558 an-

100 2615 161 2662 not.
183 2605 257 2681 (66),
281 2612 364 2682 qnae'
377 2605 587 2664 Eratosthenes
603 2608 639 2664 dc
658 2607 785 2665 vulnere
802 2607 940 2667 Chironis
960 2605 1075 2680 narrat)
1096 2616 1126 2662 ct
1143 2603 1180 2661 ob

99 2708 265 2767 allectionis
292 2708 525 2767 diuturnitatem
538 2735 556 2770 :⁴
577 2732 614 2768 ex
642 2711 825 2770 medicorum
843 2711 1051 2785 autemlrujus
1068 2707 1177 2768 ulceris

101 2812 297 2888 descriptione
325 2813 362 2869 de
393 2822 499 2870 natura
526 2815 680 2887 vulneris,
712 2835 772 2891 quo
793 2822 928 2871 mortuus
945 2832 1007 2870 esse
1027 2792 1187 2869 dicebatur

103 2914 231 2983 Chiron,
264 2933 327 2970 uon
357 2913 487 2971 multum
516 2917 706 2992 pronuntiari
740 2929 845 2996 potest.
887 2921 933 2975 De
963 2918 1181 2976 medicamento

100 3017 181 3073 valet
209 3015 304 3089 idem3
333 3037 401 3074 nam
435 3037 472 3075 ex
499 3017 589 3075 Plinii
616 3021 717 3078 verbis
745 3029 826 3079 ccrte
844 3039 938 3096 aeque
962 3021 1063 3077 minus
1084 3017 1178 3076 conli-

104 3119 245 3179 ciendum
275 3139 336 3178 esse
364 3129 454 3198 puto,
479 3120 639 3180 Chironem
661 3145 767 3186 revera
785 3123 981 3181 Centauream
1001 3121 1180 3181 Chironium

102 3224 289 3299 adhibuisse,
311 3246 401 3304 quam
421 3225 548 3283 eundem
567 3246 606 3285 ex
624 3227 749 3284 vulnere
765 3224 994 3283 reconvalnisse.
1038 3227 1084 3282 De
1094 3244 1182 3281 cura·
1242 3211 1244 3216 ¹

101 3329 235 3390 tionibus
257 3329 394 3391 Chironis
411 3351 472 3387 non
505 3330 598 3389 multa
625 3331 703 3409 apud
723 3340 837 3388 veteres
855 3338 993 3388 enarrata
1012 3328 1176 3387 habemus:

100 3511 137 3551 sed
151 3508 219 3556 dicit,
234 3509 356 3552 Herculem
370 3510 430 3564 apud
444 3508 564 3551 Chironem
582 3508 607 3550 in
627 3516 693 3551 antro
706 3509 803 3558 vixisse,
826 3522 920 3563 eumque
940 3506 1037 3549 studiose
1056 3504 1179 3546 audivisse:

100 3591 221 3631 Chironem
239 3604 294 3630 vero
312 3590 392 3644 sagitta
411 3604 437 3631 ex
451 3590 559 3644 pltaretra
573 3590 680 3632 Herculis
695 3591 757 3644 lapsa
778 3589 803 3630 in
814 3589 868 3642 pede
881 3588 1026 3628 vulneratum
1040 3599 1098 3633 esse,
1112 3598 1182 3637 eoque

99 3674 194 3713 vulnere
207 3675 323 3711 mortuum
336 3684 349 3712 a
364 3673 418 3712 Jove
431 3672 455 3713 in
468 3676 528 3712 astra
542 3672 638 3712 relatum
653 3686 706 3714 esse.

135 3737 468 3805 (67*)Ersmn.art11.zl·
485 3768 519 3795 vs.
541 3751 592 3796 202.
608 3767 630 3806 p.
646 3750 697 3793 353.
730 3735 863 3806 llXfilQOW
884 3727 915 3786 δὲ
942 3730 1058 3805 ἃῦρθῑήἒ
1087 3731 1180 3802 law·

102 3838 151 3906 κής
173 3841 219 3891 καὶ
238 3840 356 3910 λύρικης
377 3867 415 3877 -
436 3837 466 3898 ἐξ
487 3836 519 3892 οὗ
538 3840 685 3909 felcareto
711 3834 777 3904 ἕλκη
799 3835 832 3889 τά
858 3835 1013 3904 δυσὰλθη,
1034 3837 1051 3888 ά
1071 3830 1180 3903 drjludn
1225 3822 1228 3827 ’

98 3946 209 4014 Χείρων
232 3939 377 3999 κατέδειξε
394 3936 653 4014 θεραπεῧεσθαι.”
853 4014 855 4018 ³

130 4042 177 4094 (68)
196 4043 289 4089 Cursus,
305 4040 356 4082 Lib.
371 4040 402 4084 V.
416 4054 435 4081 c.
451 4041 487 4082 28.
502 4044 514 4096 ς
528 4039 550 4084 5.
566 4055 588 4094 p.
604 4040 655 4083 264.
670 4042 704 4082 erl.
719 4041 793 4082 'tunc
