2754 4710
147 825 252 887 Nullus
283 828 466 906 morborum,
486 829 593 909 quibus
614 828 730 888 Jehova
748 828 892 909 populum
913 831 1114 909 propeccatis
1134 848 1192 911 pu*

108 930 225 1004 niebat,
253 940 320 989 erat
351 931 559 1010 frequentior,
581 954 671 1013 quarn
691 933 775 1012 lepra
792 944 823 992 et
844 933 942 1011 pestis.
983 933 1067 993 Hanc
1087 935 1124 992 ad
1142 948 1192 994 eos

113 1034 284 1112 pertinere,
317 1055 390 1112 quos
419 1036 486 1113 lpse
517 1035 633 1096 Jebova
663 1038 774 1117 populo
803 1037 1001 1097 comminatus
1026 1048 1106 1113 erat,
1127 1041 1191 1116 jam

107 1136 239 1197 diximus
258 1137 336 1218 (lt).
375 1138 415 1198 Et
433 1138 502 1198 licet
523 1138 601 1198 sorte
623 1161 699 1220 quae
718 1142 798 1222 apud
823 1153 937 1202 veteres
965 1135 1060 1222 pestes
1082 1165 1193 1204 vocau-

113 1251 174 1318 tur,
196 1243 337 1301 universe
356 1244 471 1322 saepius
492 1265 548 1322 pro
576 1247 686 1305 morbis
706 1247 879 1326 epidemicis
893 1249 953 1307 sint
967 1248 1194 1323 habendao‚ta·

108 1365 176 1406 men
195 1368 257 1406 non
285 1357 348 1424 est,
370 1370 425 1406 cur
444 1369 507 1406 non
539 1350 713 1429 credamus,
736 1374 834 1412 veram
857 1363 968 1432 pestem
988 1373 1073 1432 saepe
1097 1353 1194 1413 13Γαῦ-

110 1452 177 1511 litas
194 1451 357 1511 infestasse.
378 1453 450 1511 Nam
471 1461 622 1532 tempore,
643 1476 795 1534 quonunc
818 1455 970 1528 vivimus,
995 1455 1086 1536 Syria
1106 1476 1194 1538 prae-

107 1555 210 1616 sertim
227 1565 258 1614 et
276 1556 426 1635 Aegyptus
440 1577 512 1636 prae
533 1561 659 1620 caeteris
678 1562 816 1621 omnibus
835 1572 933 1621 terrae
943 1562 1113 1642 regionibus
1125 1581 1193 1643 pes·

106 1671 135 1721 te
152 1661 356 1723 devastantur.
400 1663 440 1723 Et
471 1665 573 1724 nullus
603 1677 684 1724 certe
704 1666 824 1724 morbus
847 1666 937 1746 magis
963 1667 1088 1726 idoneus
1109 1674 1195 1740 erat,

107 1766 159 1845 qui
176 1787 233 1846 pro
251 1765 356 1826 effectu
373 1768 432 1826 Dei
448 1768 512 1826 irae
529 1768 704 1843 haberetur,
730 1765 820 1848 quam
836 1771 900 1849 ipsa
921 1772 1030 1850 pestis,
1054 1791 1129 1850 quae
1139 1771 1194 1829 bo-

107 1873 220 1933 minem
237 1874 426 1932 sanissimum
444 1872 544 1931 subito
562 1872 710 1951 corripit,
733 1893 871 1951 eumque,
893 1874 1089 1952 paucishoris
1107 1893 1195 1953 prae·

107 1976 242 2056 terlapsis
260 1977 310 2036 rel
327 1997 387 2034 uno
403 1977 537 2035 alterove
554 1976 621 2048 die,
646 1975 779 2034 emedio
797 1977 898 2050 tollit,
921 1977 1024 2035 oborto
1045 1977 1196 2036 horrendo

107 2081 272 2157 anthraca,
294 2081 344 2140 vel
364 2080 510 2160 peteohiis
530 2090 561 2138 et
580 2080 729 2140 vibicibus
752 2101 821 2141 cum
841 2081 1086 2162 symptomatibus
1107 2082 1197 2142 febris

107 2186 264 2265 putridae,
286 2205 423 2266 quaeque
440 2195 528 2258 ¹tanta
547 2187 581 2246 vi
598 2185 762 2265 aliquando
779 2186 897 2261 saevit,
918 2193 953 2244 ut
971 2204 1041 2244 mox
1062 2194 1138 2244 totas
1149 2205 1197 2244 re-

106 2289 207 2368 giones
221 2290 430 2369 depopuletur.
469 2289 548 2368 Jahn
572 2289 639 2371 (15)
660 2292 823 2350 Poncetum
843 2291 932 2363 citat,
957 2290 1011 2370 qui
1021 2290 1196 2366 audiverat,

108 2404 238 2474 epeste‚
260 2415 338 2473 quae
354 2417 434 2455 anno
458 2398 536 2458 1696
559 2376 774 2478 Aegyptiorum
792 2396 896 2454 urbem
920 2395 1049 2474 caprum
1072 2395 1197 2454 insessa»

108 2500 167 2579 vit,
190 2502 325 2580 quotidie
343 2502 445 2561 decem
464 2503 561 2562 millia
586 2503 745 2562 hominum
774 2512 907 2561 mortuos
929 2502 1039 2576 suisse3
1062 2511 1093 2560 et
1112 2502 1199 2561 Pros-

108 2626 161 2684 per
189 2606 316 2686 Alpinus
350 2606 417 2688 (16)
442 2620 565 2686 narrat,
588 2610 621 2667 in
642 2610 745 2667 eadem
768 2607 839 2666 urbe
856 2627 937 2667 anno
963 2608 1041 2668 1580
1061 2625 1114 2665 sex
1132 2624 1199 2686 sep-

107 2719 206 2795 temve
236 2720 354 2769 tantum
383 2713 535 2770 mensium
566 2713 663 2791 spatio
692 2713 856 2791 quingenta
884 2709 981 2768 millia
1002 2710 1198 2768 bominume

107 2824 189 2892 peste
220 2815 352 2892 periisse.
391 2850 422 2860 -
445 2816 530 2875 Alter
555 2816 664 2874 horum
691 2825 841 2897 μάστιγων
862 2813 1091 2897 (flagellorum),
1115 2815 1198 2894 lepra

108 2920 242 2993 scilicet,
274 2919 346 2976 licet
367 2939 429 2977 non
457 2930 581 2996 acutus,
606 2922 656 2980 sed
678 2920 840 2980 chronicus
859 2920 994 2994 morbus,
1021 2920 1200 2978 tumentem

52 3052 56 3062 ·
108 3041 203 3101 aeque
232 3019 405 3079 insanabilis
437 3032 518 3094 erat,
545 3044 635 3102 quam
656 3025 721 3103 ipsa
739 3025 838 3103 pestis.
879 3025 981 3103 Neque
1009 3025 1097 3083 facile
1118 3044 1201 3081 mor-

110 3127 180 3185 bum
199 3125 348 3201 invenias‚
370 3132 424 3205 qui
442 3127 563 3206 turpior
573 3128 614 3185 sit
633 3128 791 3207 adspectu,
814 3149 904 3206 quam
915 3127 1200 3206 lepraJudaeorum,

111 3251 187 3310 quae
208 3251 299 3309 quum
319 3230 485 3310 plurimum
508 3247 578 3291 oum
596 3233 700 3291 morbo
719 3232 882 3305 convenit,
906 3231 960 3312 qui
976 3251 994 3288 a
1015 3230 1097 3292 Celso
1117 3227 1201 3308 (16⁴)

111 3341 198 3411 λεύκῃ
216 3345 246 3393 et
263 3336 300 3394 ab
318 3335 461 3394 Arabibus
483 3337 572 3396 Baras
593 3347 731 3414 vocatum
755 3349 787 3397 et
804 3357 895 3417 quem
914 3338 1027 3418 optime
1046 3333 1204 3415 descripsit

112 3439 158 3498 vir
177 3439 365 3499 doctissimus
383 3439 552 3514 Robinson,
578 3451 736 3520 postquam
765 3443 829 3523 ipse
853 3461 922 3500 eum
942 3439 1081 3501 inludia
1102 3439 1204 3499 obser·

115 3599 316 3610 ”uun—.-

140 3663 241 3722 (11)01.
259 3669 388 3718 praeterea:
407 3661 453 3704 Jer.
471 3662 537 3706 XIV:
556 3661 590 3704 12.
608 3661 661 3705 XV:
679 3660 700 3704 2.
719 3661 783 3705 XXI:
803 3659 830 3710 7,
847 3661 869 3703 9.
886 3658 967 3702 Erech.
989 3657 1072 3704 3¹:12.
1099 3659 1133 3701 17.
1156 3659 1201 3702 Vl:

113 3746 152 3798 11,
178 3748 212 3791 12.
230 3749 287 3792 VH:
307 3745 342 3789 15.
360 3747 429 3788 Amos
452 3747 495 3791 IV:
517 3745 559 3795 tu,
580 3753 623 3788 otc.

138 3828 184 3884 (15)
200 3827 316 3870 Biblische
339 3825 515 3882 ArohumIogh,
537 3843 560 3883 p.
583 3826 636 3870 391.

139 3909 187 3969 (16)
204 3913 239 3954 De
260 3909 374 3952 Medicina
395 3910 529 3966 Aogyptior¹
546 3910 598 3952 Lib.
616 3908 636 3950 1.
657 3922 677 3948 c.
697 3905 731 3950 15.

139 3994 197 4050 (16⁴)
215 3996 300 4036 Cursus
319 3992 345 4034 de
365 3992 477 4036 Medicina
485 3992 499 4053 ,f
511 3993 564 4040 Lib.
579 3994 609 4038 V.
624 4007 644 4035 c.
662 3991 698 4035 28.
