<?xml version="1.0" encoding="UTF-8"?>
<!DOCTYPE html PUBLIC "-//W3C//DTD XHTML 1.0 Transitional//EN"
    "http://www.w3.org/TR/xhtml1/DTD/xhtml1-transitional.dtd">
<html xmlns="http://www.w3.org/1999/xhtml" xml:lang="en" lang="en">
 <head>
  <title>
</title>
<meta http-equiv="Content-Type" content="text/html;charset=utf-8" />
  <meta name='ocr-system' content='tesseract 3.04.00' />
  <meta name='ocr-capabilities' content='ocr_page ocr_carea ocr_par ocr_line ocrx_word'/>
</head>
<body>
  <div class='ocr_page' id='page_1' title='image "./dissertatiohist00sijbgoog_0075.png"; bbox 0 0 2754 4710; ppageno 0'>
   <div class='ocr_carea' id='block_1_1' title="bbox 642 489 849 547">
    <p class='ocr_par' dir='ltr' id='par_1_1' title="bbox 642 489 849 547">
     <span class='ocr_line' id='line_1_1' title="bbox 642 489 849 547; baseline 0 -19"><span class='ocrx_word' id='word_1_1' title='bbox 642 489 849 547; x_wconf 77' lang='lat'>..53-</span> 
     </span>
    </p>
   </div>
   <div class='ocr_carea' id='block_1_2' title="bbox 197 643 1296 3131">
    <p class='ocr_par' dir='ltr' id='par_1_2' title="bbox 197 643 1296 3131">
     <span class='ocr_line' id='line_1_2' title="bbox 202 643 1284 725; baseline -0.002 -20"><span class='ocrx_word' id='word_1_2' title='bbox 202 644 357 724; x_wconf 85' lang='lat' dir='ltr'>quiaillud</span> <span class='ocrx_word' id='word_1_3' title='bbox 366 666 425 703; x_wconf 91' lang='lat' dir='ltr'>nou</span> <span class='ocrx_word' id='word_1_4' title='bbox 437 656 479 704; x_wconf 90' lang='lat' dir='ltr'>est</span> <span class='ocrx_word' id='word_1_5' title='bbox 492 657 621 723; x_wconf 87' lang='lat' dir='ltr'>tantum,</span> <span class='ocrx_word' id='word_1_6' title='bbox 633 657 667 704; x_wconf 89' lang='lat' dir='ltr'>ut</span> <span class='ocrx_word' id='word_1_7' title='bbox 679 667 747 706; x_wconf 91' lang='lat' dir='ltr'>cum</span> <span class='ocrx_word' id='word_1_8' title='bbox 760 647 839 706; x_wconf 85' lang='lat' dir='ltr'>vasis</span> <span class='ocrx_word' id='word_1_9' title='bbox 848 656 879 705; x_wconf 88' lang='lat' dir='ltr'>et</span> <span class='ocrx_word' id='word_1_10' title='bbox 887 666 940 725; x_wconf 89' lang='lat' dir='ltr'>per</span> <span class='ocrx_word' id='word_1_11' title='bbox 951 645 1023 704; x_wconf 88' lang='lat' dir='ltr'>haec</span> <span class='ocrx_word' id='word_1_12' title='bbox 1033 665 1102 704; x_wconf 89' lang='lat' dir='ltr'>cum</span> <span class='ocrx_word' id='word_1_13' title='bbox 1113 643 1284 703; x_wconf 86' lang='lat' dir='ltr'>homiuibus</span> 
     </span>
     <span class='ocr_line' id='line_1_3' title="bbox 203 747 1282 829; baseline -0.001 -23"><span class='ocrx_word' id='word_1_14' title='bbox 203 750 458 808; x_wconf 67' lang='lat' dir='ltr'>communicetur:</span> <span class='ocrx_word' id='word_1_15' title='bbox 489 752 563 829; x_wconf 91' lang='lat' dir='ltr'>quin</span> <span class='ocrx_word' id='word_1_16' title='bbox 582 751 690 820; x_wconf 87' lang='lat' dir='ltr'>etiarn,</span> <span class='ocrx_word' id='word_1_17' title='bbox 714 750 827 809; x_wconf 82' lang='lat' dir='ltr'>nisiex</span> <span class='ocrx_word' id='word_1_18' title='bbox 840 751 975 810; x_wconf 86' lang='lat' dir='ltr'>versibus</span> <span class='ocrx_word' id='word_1_19' title='bbox 992 751 1025 809; x_wconf 88' lang='lat'>30</span> <span class='ocrx_word' id='word_1_20' title='bbox 1045 754 1081 806; x_wconf 90' lang='lat' dir='ltr'>et&#39;</span> <span class='ocrx_word' id='word_1_21' title='bbox 1093 747 1126 805; x_wconf 89' lang='lat'>7⁰</span> <span class='ocrx_word' id='word_1_22' title='bbox 1144 747 1282 806; x_wconf 80' lang='lat' dir='ltr'>virulen-</span> 
     </span>
     <span class='ocr_line' id='line_1_4' title="bbox 201 852 1286 934; baseline 0.002 -24"><span class='ocrx_word' id='word_1_23' title='bbox 201 854 276 913; x_wconf 90' lang='lat' dir='ltr'>tiam</span> <span class='ocrx_word' id='word_1_24' title='bbox 295 864 326 912; x_wconf 90' lang='lat' dir='ltr'>et</span> <span class='ocrx_word' id='word_1_25' title='bbox 343 854 513 933; x_wconf 75' lang='lat' dir='ltr'>contagium</span> <span class='ocrx_word' id='word_1_26' title='bbox 530 855 626 913; x_wconf 87' lang='lat' dir='ltr'>morbi</span> <span class='ocrx_word' id='word_1_27' title='bbox 645 854 716 912; x_wconf 88' lang='lat' dir='ltr'>satis</span> <span class='ocrx_word' id='word_1_28' title='bbox 737 865 888 934; x_wconf 89' lang='lat' dir='ltr'>comperta</span> <span class='ocrx_word' id='word_1_29' title='bbox 907 855 1101 928; x_wconf 82' lang='lat' dir='ltr'>haberemus,</span> <span class='ocrx_word' id='word_1_30' title='bbox 1123 873 1162 910; x_wconf 83' lang='lat' dir='ltr'>ex</span> <span class='ocrx_word' id='word_1_31' title='bbox 1182 852 1286 931; x_wconf 89' lang='lat' dir='ltr'>impu·</span> 
     </span>
     <span class='ocr_line' id='line_1_5' title="bbox 200 936 1287 1038; baseline 0 -22"><span class='ocrx_word' id='word_1_32' title='bbox 200 957 308 1031; x_wconf 84' lang='lat' dir='ltr'>ritate,</span> <span class='ocrx_word' id='word_1_33' title='bbox 332 959 390 1037; x_wconf 91' lang='lat' dir='ltr'>ipsi</span> <span class='ocrx_word' id='word_1_34' title='bbox 409 936 573 1038; x_wconf 82' lang='lat' dir='ltr'>aegrotanti</span> <span class='ocrx_word' id='word_1_35' title='bbox 591 957 791 1036; x_wconf 90' lang='lat' dir='ltr'>imponenda,</span> <span class='ocrx_word' id='word_1_36' title='bbox 812 960 849 1017; x_wconf 86' lang='lat' dir='ltr'>ad</span> <span class='ocrx_word' id='word_1_37' title='bbox 866 959 1064 1037; x_wconf 80' lang='lat' dir='ltr'>contagiosam</span> <span class='ocrx_word' id='word_1_38' title='bbox 1077 957 1174 1014; x_wconf 80' lang='lat' dir='ltr'>morbi</span> <span class='ocrx_word' id='word_1_39' title='bbox 1195 967 1287 1016; x_wconf 91' lang='lat' dir='ltr'>natu·</span> 
     </span>
     <span class='ocr_line' id='line_1_6' title="bbox 200 1061 1286 1138; baseline 0 -18"><span class='ocrx_word' id='word_1_40' title='bbox 200 1084 266 1120; x_wconf 90' lang='lat' dir='ltr'>ram</span> <span class='ocrx_word' id='word_1_41' title='bbox 297 1064 476 1121; x_wconf 87' lang='lat' dir='ltr'>concludere·</span> <span class='ocrx_word' id='word_1_42' title='bbox 499 1084 559 1121; x_wconf 92' lang='lat' dir='ltr'>non</span> <span class='ocrx_word' id='word_1_43' title='bbox 578 1062 735 1138; x_wconf 77' lang='lat' dir='ltr'>auderem,</span> <span class='ocrx_word' id='word_1_44' title='bbox 767 1062 812 1121; x_wconf 89' lang='lat' dir='ltr'>uti</span> <span class='ocrx_word' id='word_1_45' title='bbox 831 1062 927 1121; x_wconf 83' lang='lat' dir='ltr'>facere</span> <span class='ocrx_word' id='word_1_46' title='bbox 950 1063 1073 1121; x_wconf 87' lang='lat' dir='ltr'>videtur</span> <span class='ocrx_word' id='word_1_47' title='bbox 1093 1061 1286 1120; x_wconf 84' lang='lat' dir='ltr'>Roseubaum</span> 
     </span>
     <span class='ocr_line' id='line_1_7' title="bbox 202 1164 1284 1248; baseline 0.001 -24"><span class='ocrx_word' id='word_1_48' title='bbox 202 1169 288 1248; x_wconf 61' lang='lat'>(85),</span> <span class='ocrx_word' id='word_1_49' title='bbox 312 1191 406 1248; x_wconf 90' lang='lat' dir='ltr'>quum</span> <span class='ocrx_word' id='word_1_50' title='bbox 426 1167 696 1247; x_wconf 85' lang='lat' dir='ltr'>eademimpnritas</span> <span class='ocrx_word' id='word_1_51' title='bbox 712 1167 817 1226; x_wconf 91' lang='lat' dir='ltr'>multis</span> <span class='ocrx_word' id='word_1_52' title='bbox 838 1164 1047 1226; x_wconf 85' lang='lat' dir='ltr'>affectionibus</span> <span class='ocrx_word' id='word_1_53' title='bbox 1069 1168 1284 1245; x_wconf 78' lang='lat' dir='ltr'>imponeretur,</span> 
     </span>
     <span class='ocr_line' id='line_1_8' title="bbox 207 1271 1293 1353; baseline 0 -21"><span class='ocrx_word' id='word_1_54' title='bbox 207 1294 285 1353; x_wconf 91' lang='lat' dir='ltr'>quae</span> <span class='ocrx_word' id='word_1_55' title='bbox 308 1275 434 1332; x_wconf 84' lang='lat' dir='ltr'>minime</span> <span class='ocrx_word' id='word_1_56' title='bbox 445 1274 644 1352; x_wconf 75' lang='lat' dir='ltr'>contagiosum</span> <span class='ocrx_word' id='word_1_57' title='bbox 663 1283 803 1331; x_wconf 88' lang='lat' dir='ltr'>naturam</span> <span class='ocrx_word' id='word_1_58' title='bbox 825 1271 979 1331; x_wconf 85' lang='lat' dir='ltr'>habebant.</span> <span class='ocrx_word' id='word_1_59' title='bbox 1023 1272 1183 1350; x_wconf 86' lang='lat' dir='ltr'>[mpuritas</span> <span class='ocrx_word' id='word_1_60' title='bbox 1203 1272 1293 1343; x_wconf 85' lang='lat' dir='ltr'>njhi-</span> 
     </span>
     <span class='ocr_line' id='line_1_9' title="bbox 200 1378 1296 1458; baseline 0.002 -24"><span class='ocrx_word' id='word_1_61' title='bbox 200 1378 348 1454; x_wconf 79' lang='lat' dir='ltr'>lominus,</span> <span class='ocrx_word' id='word_1_62' title='bbox 375 1397 451 1454; x_wconf 90' lang='lat' dir='ltr'>quae</span> <span class='ocrx_word' id='word_1_63' title='bbox 480 1378 539 1455; x_wconf 88' lang='lat' dir='ltr'>ipsi</span> <span class='ocrx_word' id='word_1_64' title='bbox 568 1379 781 1457; x_wconf 87' lang='lat' dir='ltr'>gonorrhoeico</span> <span class='ocrx_word' id='word_1_65' title='bbox 798 1378 1023 1458; x_wconf 83' lang='lat' dir='ltr'>imponebatur,</span> <span class='ocrx_word' id='word_1_66' title='bbox 1048 1378 1182 1436; x_wconf 86' lang='lat' dir='ltr'>utilitate</span> <span class='ocrx_word' id='word_1_67' title='bbox 1207 1379 1296 1458; x_wconf 87' lang='lat' dir='ltr'>phy-</span> 
     </span>
     <span class='ocr_line' id='line_1_10' title="bbox 199 1481 1289 1561; baseline 0.001 -21"><span class='ocrx_word' id='word_1_68' title='bbox 199 1482 261 1540; x_wconf 85' lang='lat' dir='ltr'>sica</span> <span class='ocrx_word' id='word_1_69' title='bbox 283 1503 343 1539; x_wconf 92' lang='lat' dir='ltr'>non</span> <span class='ocrx_word' id='word_1_70' title='bbox 354 1481 488 1554; x_wconf 89' lang='lat' dir='ltr'>carebat;</span> <span class='ocrx_word' id='word_1_71' title='bbox 503 1502 572 1540; x_wconf 90' lang='lat' dir='ltr'>cum</span> <span class='ocrx_word' id='word_1_72' title='bbox 589 1482 670 1541; x_wconf 89' lang='lat' dir='ltr'>enim</span> <span class='ocrx_word' id='word_1_73' title='bbox 687 1483 872 1561; x_wconf 88' lang='lat' dir='ltr'>quicumque</span> <span class='ocrx_word' id='word_1_74' title='bbox 883 1502 955 1540; x_wconf 87' lang='lat' dir='ltr'>eum</span> <span class='ocrx_word' id='word_1_75' title='bbox 965 1483 1125 1560; x_wconf 76' lang='lat' dir='ltr'>attigisset,</span> <span class='ocrx_word' id='word_1_76' title='bbox 1139 1483 1233 1540; x_wconf 91' lang='lat' dir='ltr'>etiam</span> <span class='ocrx_word' id='word_1_77' title='bbox 1242 1504 1289 1541; x_wconf 90' lang='lat' dir='ltr'>es·</span> 
     </span>
     <span class='ocr_line' id='line_1_11' title="bbox 198 1583 1287 1666; baseline 0.002 -24"><span class='ocrx_word' id='word_1_78' title='bbox 198 1593 243 1642; x_wconf 89' lang='lat' dir='ltr'>set</span> <span class='ocrx_word' id='word_1_79' title='bbox 253 1585 401 1661; x_wconf 87' lang='lat' dir='ltr'>impurus,</span> <span class='ocrx_word' id='word_1_80' title='bbox 413 1583 477 1659; x_wconf 90' lang='lat' dir='ltr'>ejus</span> <span class='ocrx_word' id='word_1_81' title='bbox 485 1593 632 1643; x_wconf 87' lang='lat' dir='ltr'>attactum</span> <span class='ocrx_word' id='word_1_82' title='bbox 641 1585 767 1663; x_wconf 89' lang='lat' dir='ltr'>quisque</span> <span class='ocrx_word' id='word_1_83' title='bbox 781 1589 907 1663; x_wconf 87' lang='lat' dir='ltr'>vitaret,</span> <span class='ocrx_word' id='word_1_84' title='bbox 929 1587 1001 1644; x_wconf 89' lang='lat' dir='ltr'>adeo</span> <span class='ocrx_word' id='word_1_85' title='bbox 1018 1596 1053 1645; x_wconf 90' lang='lat' dir='ltr'>ut</span> <span class='ocrx_word' id='word_1_86' title='bbox 1064 1606 1125 1644; x_wconf 92' lang='lat' dir='ltr'>non</span> <span class='ocrx_word' id='word_1_87' title='bbox 1134 1587 1224 1645; x_wconf 86' lang='lat' dir='ltr'>facile</span> <span class='ocrx_word' id='word_1_88' title='bbox 1235 1607 1287 1666; x_wconf 89' lang='lat' dir='ltr'>per</span> 
     </span>
     <span class='ocr_line' id='line_1_12' title="bbox 199 1685 1279 1766; baseline 0.004 -22"><span class='ocrx_word' id='word_1_89' title='bbox 199 1685 312 1744; x_wconf 90' lang='lat' dir='ltr'>coitum</span> <span class='ocrx_word' id='word_1_90' title='bbox 322 1687 456 1745; x_wconf 89' lang='lat' dir='ltr'>morbum</span> <span class='ocrx_word' id='word_1_91' title='bbox 467 1707 554 1744; x_wconf 88' lang='lat' dir='ltr'>suum</span> <span class='ocrx_word' id='word_1_92' title='bbox 564 1708 632 1746; x_wconf 88' lang='lat' dir='ltr'>cum</span> <span class='ocrx_word' id='word_1_93' title='bbox 643 1688 710 1746; x_wconf 89' lang='lat' dir='ltr'>aliis</span> <span class='ocrx_word' id='word_1_94' title='bbox 721 1686 966 1748; x_wconf 84' lang='lat' dir='ltr'>communicaret:</span> <span class='ocrx_word' id='word_1_95' title='bbox 984 1690 1032 1747; x_wconf 79' lang='lat' dir='ltr'>lex</span> <span class='ocrx_word' id='word_1_96' title='bbox 1043 1690 1279 1766; x_wconf 74' lang='lat' dir='ltr'>itaquecuravit,</span> 
     </span>
     <span class='ocr_line' id='line_1_13' title="bbox 199 1790 1283 1874; baseline 0.003 -25"><span class='ocrx_word' id='word_1_97' title='bbox 199 1809 238 1849; x_wconf 89' lang='lat' dir='ltr'>ue</span> <span class='ocrx_word' id='word_1_98' title='bbox 249 1790 337 1848; x_wconf 86' lang='lat' dir='ltr'>latius</span> <span class='ocrx_word' id='word_1_99' title='bbox 344 1811 397 1870; x_wconf 88' lang='lat' dir='ltr'>per</span> <span class='ocrx_word' id='word_1_100' title='bbox 405 1792 549 1871; x_wconf 90' lang='lat' dir='ltr'>populum</span> <span class='ocrx_word' id='word_1_101' title='bbox 560 1793 671 1849; x_wconf 90' lang='lat' dir='ltr'>malum</span> <span class='ocrx_word' id='word_1_102' title='bbox 682 1793 937 1851; x_wconf 84' lang='lat' dir='ltr'>disseminaretur.</span> <span class='ocrx_word' id='word_1_103' title='bbox 947 1792 1049 1851; x_wconf 81' lang='lat' dir='ltr'>Altera</span> <span class='ocrx_word' id='word_1_104' title='bbox 1062 1793 1176 1852; x_wconf 83' lang='lat' dir='ltr'>utilitas</span> <span class='ocrx_word' id='word_1_105' title='bbox 1184 1814 1283 1874; x_wconf 84' lang='lat' dir='ltr'>aegro·</span> 
     </span>
     <span class='ocr_line' id='line_1_14' title="bbox 197 1895 1284 1975; baseline 0.002 -23"><span class='ocrx_word' id='word_1_106' title='bbox 197 1904 310 1952; x_wconf 89' lang='lat' dir='ltr'>tantem</span> <span class='ocrx_word' id='word_1_107' title='bbox 321 1895 418 1974; x_wconf 89' lang='lat' dir='ltr'>ipsum</span> <span class='ocrx_word' id='word_1_108' title='bbox 428 1896 590 1975; x_wconf 84' lang='lat' dir='ltr'>spectabat:</span> <span class='ocrx_word' id='word_1_109' title='bbox 610 1896 671 1974; x_wconf 87' lang='lat' dir='ltr'>qui,</span> <span class='ocrx_word' id='word_1_110' title='bbox 697 1917 774 1955; x_wconf 86' lang='lat' dir='ltr'>curn.</span> <span class='ocrx_word' id='word_1_111' title='bbox 787 1897 947 1975; x_wconf 87' lang='lat' dir='ltr'>impuritas</span> <span class='ocrx_word' id='word_1_112' title='bbox 961 1917 1020 1954; x_wconf 91' lang='lat' dir='ltr'>non</span> <span class='ocrx_word' id='word_1_113' title='bbox 1033 1895 1100 1953; x_wconf 92' lang='lat' dir='ltr'>tolli</span> <span class='ocrx_word' id='word_1_114' title='bbox 1111 1907 1219 1974; x_wconf 87' lang='lat' dir='ltr'>posset,</span> <span class='ocrx_word' id='word_1_115' title='bbox 1231 1897 1284 1954; x_wconf 91' lang='lat' dir='ltr'>nisi</span> 
     </span>
     <span class='ocr_line' id='line_1_15' title="bbox 198 2000 1284 2080; baseline 0 -22"><span class='ocrx_word' id='word_1_116' title='bbox 198 2009 304 2071; x_wconf 82' lang='lat' dir='ltr'>octavo</span> <span class='ocrx_word' id='word_1_117' title='bbox 314 2000 371 2073; x_wconf 84' lang='lat' dir='ltr'>die,</span> <span class='ocrx_word' id='word_1_118' title='bbox 384 2011 541 2080; x_wconf 85' lang='lat' dir='ltr'>postquam</span> <span class='ocrx_word' id='word_1_119' title='bbox 552 2023 569 2060; x_wconf 90' lang='lat' dir='ltr'>a</span> <span class='ocrx_word' id='word_1_120' title='bbox 579 2001 669 2060; x_wconf 84' lang='lat' dir='ltr'>ssnxu</span> <span class='ocrx_word' id='word_1_121' title='bbox 680 2012 822 2080; x_wconf 88' lang='lat' dir='ltr'>purgatus</span> <span class='ocrx_word' id='word_1_122' title='bbox 833 2001 941 2075; x_wconf 89' lang='lat' dir='ltr'>suerat,</span> <span class='ocrx_word' id='word_1_123' title='bbox 964 2000 1036 2058; x_wconf 89' lang='lat' dir='ltr'>haec</span> <span class='ocrx_word' id='word_1_124' title='bbox 1046 2009 1145 2058; x_wconf 88' lang='lat' dir='ltr'>autem</span> <span class='ocrx_word' id='word_1_125' title='bbox 1156 2001 1284 2080; x_wconf 84' lang='lat' dir='ltr'>impuri·</span> 
     </span>
     <span class='ocr_line' id='line_1_16' title="bbox 199 2103 1283 2184; baseline 0 -22"><span class='ocrx_word' id='word_1_126' title='bbox 199 2114 243 2163; x_wconf 85' lang='lat' dir='ltr'>tas</span> <span class='ocrx_word' id='word_1_127' title='bbox 256 2124 360 2184; x_wconf 84' lang='lat' dir='ltr'>magna</span> <span class='ocrx_word' id='word_1_128' title='bbox 378 2104 566 2177; x_wconf 77' lang='lat' dir='ltr'>incommoda</span> <span class='ocrx_word' id='word_1_129' title='bbox 587 2125 686 2163; x_wconf 87' lang='lat' dir='ltr'>secum</span> <span class='ocrx_word' id='word_1_130' title='bbox 703 2103 833 2180; x_wconf 87' lang='lat' dir='ltr'>duceret,</span> <span class='ocrx_word' id='word_1_131' title='bbox 845 2127 907 2163; x_wconf 91' lang='lat' dir='ltr'>non</span> <span class='ocrx_word' id='word_1_132' title='bbox 923 2105 1080 2176; x_wconf 87' lang='lat' dir='ltr'>dubitaret,</span> <span class='ocrx_word' id='word_1_133' title='bbox 1096 2126 1130 2164; x_wconf 87' lang='lat' dir='ltr'>ea</span> <span class='ocrx_word' id='word_1_134' title='bbox 1148 2106 1181 2164; x_wconf 90' lang='lat' dir='ltr'>in</span> <span class='ocrx_word' id='word_1_135' title='bbox 1198 2106 1283 2165; x_wconf 85' lang='lat' dir='ltr'>auxi·</span> 
     </span>
     <span class='ocr_line' id='line_1_17' title="bbox 198 2207 1285 2286; baseline 0.002 -20"><span class='ocrx_word' id='word_1_136' title='bbox 198 2208 273 2266; x_wconf 91' lang='lat' dir='ltr'>lium</span> <span class='ocrx_word' id='word_1_137' title='bbox 298 2228 406 2267; x_wconf 85' lang='lat' dir='ltr'>vocare</span> <span class='ocrx_word' id='word_1_138' title='bbox 417 2254 425 2282; x_wconf 91' lang='lat'>‚</span> <span class='ocrx_word' id='word_1_139' title='bbox 448 2207 554 2286; x_wconf 89' lang='lat' dir='ltr'>quibus</span> <span class='ocrx_word' id='word_1_140' title='bbox 575 2207 694 2265; x_wconf 89' lang='lat' dir='ltr'>morbus</span> <span class='ocrx_word' id='word_1_141' title='bbox 713 2217 876 2267; x_wconf 87' lang='lat' dir='ltr'>sanaretur.</span> <span class='ocrx_word' id='word_1_142' title='bbox 897 2207 931 2265; x_wconf 92' lang='lat' dir='ltr'>ln</span> <span class='ocrx_word' id='word_1_143' title='bbox 942 2208 1003 2286; x_wconf 84' lang='lat' dir='ltr'>lege</span> <span class='ocrx_word' id='word_1_144' title='bbox 1022 2207 1146 2266; x_wconf 82' lang='lat' dir='ltr'>llosaica</span> <span class='ocrx_word' id='word_1_145' title='bbox 1155 2209 1193 2267; x_wconf 89' lang='lat' dir='ltr'>de</span> <span class='ocrx_word' id='word_1_146' title='bbox 1202 2230 1285 2268; x_wconf 88' lang='lat' dir='ltr'>oura-</span> 
     </span>
     <span class='ocr_line' id='line_1_18' title="bbox 198 2306 1279 2390; baseline 0.002 -21"><span class='ocrx_word' id='word_1_147' title='bbox 198 2313 280 2369; x_wconf 91' lang='lat' dir='ltr'>tione</span> <span class='ocrx_word' id='word_1_148' title='bbox 301 2306 391 2387; x_wconf 79' lang='lat' dir='ltr'>hujus</span> <span class='ocrx_word' id='word_1_149' title='bbox 411 2311 507 2369; x_wconf 90' lang='lat' dir='ltr'>morbi</span> <span class='ocrx_word' id='word_1_150' title='bbox 528 2332 588 2368; x_wconf 94' lang='lat' dir='ltr'>non</span> <span class='ocrx_word' id='word_1_151' title='bbox 609 2321 654 2370; x_wconf 86' lang='lat' dir='ltr'>est</span> <span class='ocrx_word' id='word_1_152' title='bbox 675 2330 788 2383; x_wconf 80' lang='lat' dir='ltr'>serm03</span> <span class='ocrx_word' id='word_1_153' title='bbox 810 2331 880 2369; x_wconf 91' lang='lat' dir='ltr'>nam</span> <span class='ocrx_word' id='word_1_154' title='bbox 897 2310 1042 2386; x_wconf 88' lang='lat' dir='ltr'>lotiones,</span> <span class='ocrx_word' id='word_1_155' title='bbox 1066 2333 1141 2390; x_wconf 88' lang='lat' dir='ltr'>quae</span> <span class='ocrx_word' id='word_1_156' title='bbox 1159 2323 1279 2386; x_wconf 82' lang='lat' dir='ltr'>octavo,</span> 
     </span>
     <span class='ocr_line' id='line_1_19' title="bbox 200 2414 1286 2494; baseline 0.002 -21"><span class='ocrx_word' id='word_1_157' title='bbox 200 2427 355 2494; x_wconf 86' lang='lat' dir='ltr'>postquam</span> <span class='ocrx_word' id='word_1_158' title='bbox 380 2414 479 2474; x_wconf 86' lang='lat' dir='ltr'>fluxus</span> <span class='ocrx_word' id='word_1_159' title='bbox 507 2414 656 2490; x_wconf 85' lang='lat' dir='ltr'>desierat,</span> <span class='ocrx_word' id='word_1_160' title='bbox 684 2415 732 2472; x_wconf 90' lang='lat' dir='ltr'>die</span> <span class='ocrx_word' id='word_1_161' title='bbox 763 2424 849 2474; x_wconf 90' lang='lat' dir='ltr'>erant</span> <span class='ocrx_word' id='word_1_162' title='bbox 866 2416 1084 2493; x_wconf 84' lang='lat' dir='ltr'>instituendae,</span> <span class='ocrx_word' id='word_1_163' title='bbox 1106 2417 1144 2474; x_wconf 87' lang='lat' dir='ltr'>ad</span> <span class='ocrx_word' id='word_1_164' title='bbox 1156 2418 1286 2479; x_wconf 87' lang='lat' dir='ltr'>curatio-</span> 
     </span>
     <span class='ocr_line' id='line_1_20' title="bbox 200 2518 1285 2602; baseline 0.006 -25"><span class='ocrx_word' id='word_1_165' title='bbox 200 2539 270 2578; x_wconf 88' lang='lat' dir='ltr'>nem</span> <span class='ocrx_word' id='word_1_166' title='bbox 287 2540 349 2577; x_wconf 92' lang='lat' dir='ltr'>non</span> <span class='ocrx_word' id='word_1_167' title='bbox 366 2518 536 2596; x_wconf 85' lang='lat' dir='ltr'>pertinent,</span> <span class='ocrx_word' id='word_1_168' title='bbox 560 2518 611 2577; x_wconf 91' lang='lat' dir='ltr'>sed</span> <span class='ocrx_word' id='word_1_169' title='bbox 628 2519 823 2598; x_wconf 77' lang='lat' dir='ltr'>symbolicam</span> <span class='ocrx_word' id='word_1_170' title='bbox 838 2531 957 2581; x_wconf 90' lang='lat' dir='ltr'>tautum</span> <span class='ocrx_word' id='word_1_171' title='bbox 975 2524 1221 2602; x_wconf 83' lang='lat' dir='ltr'>significationem</span> <span class='ocrx_word' id='word_1_172' title='bbox 1234 2526 1285 2586; x_wconf 89' lang='lat' dir='ltr'>ha·</span> 
     </span>
     <span class='ocr_line' id='line_1_21' title="bbox 199 2606 1285 2704; baseline 0.006 -22"><span class='ocrx_word' id='word_1_173' title='bbox 199 2624 285 2694; x_wconf 84' lang='lat' dir='ltr'>bent,</span> <span class='ocrx_word' id='word_1_174' title='bbox 319 2622 431 2701; x_wconf 87' lang='lat' dir='ltr'>quippe</span> <span class='ocrx_word' id='word_1_175' title='bbox 463 2643 518 2702; x_wconf 89' lang='lat' dir='ltr'>per</span> <span class='ocrx_word' id='word_1_176' title='bbox 546 2643 620 2701; x_wconf 87' lang='lat' dir='ltr'>quas</span> <span class='ocrx_word' id='word_1_177' title='bbox 640 2606 790 2682; x_wconf 84' lang='lat' dir='ltr'>Leviticae</span> <span class='ocrx_word' id='word_1_178' title='bbox 807 2625 996 2704; x_wconf 89' lang='lat' dir='ltr'>impuritates</span> <span class='ocrx_word' id='word_1_179' title='bbox 1020 2649 1122 2686; x_wconf 87' lang='lat' dir='ltr'>omues</span> <span class='ocrx_word' id='word_1_180' title='bbox 1143 2629 1285 2688; x_wconf 88' lang='lat' dir='ltr'>tolleren-</span> 
     </span>
     <span class='ocr_line' id='line_1_22' title="bbox 198 2725 1281 2811; baseline 0.006 -26"><span class='ocrx_word' id='word_1_181' title='bbox 198 2736 259 2787; x_wconf 86' lang='lat' dir='ltr'>tur.</span> <span class='ocrx_word' id='word_1_182' title='bbox 308 2725 446 2785; x_wconf 90' lang='lat' dir='ltr'>Lotiones</span> <span class='ocrx_word' id='word_1_183' title='bbox 479 2727 666 2805; x_wconf 79' lang='lat' dir='ltr'>frequentes,</span> <span class='ocrx_word' id='word_1_184' title='bbox 701 2748 776 2804; x_wconf 89' lang='lat' dir='ltr'>quae</span> <span class='ocrx_word' id='word_1_185' title='bbox 808 2740 874 2808; x_wconf 89' lang='lat' dir='ltr'>post</span> <span class='ocrx_word' id='word_1_186' title='bbox 905 2731 1045 2809; x_wconf 82' lang='lat' dir='ltr'>quamvis</span> <span class='ocrx_word' id='word_1_187' title='bbox 1073 2732 1281 2811; x_wconf 88' lang='lat' dir='ltr'>impuritatem</span> 
     </span>
     <span class='ocr_line' id='line_1_23' title="bbox 199 2831 1283 2916; baseline 0.005 -26"><span class='ocrx_word' id='word_1_188' title='bbox 199 2839 288 2891; x_wconf 88' lang='lat' dir='ltr'>erant</span> <span class='ocrx_word' id='word_1_189' title='bbox 303 2831 521 2909; x_wconf 86' lang='lat' dir='ltr'>instituendae,</span> <span class='ocrx_word' id='word_1_190' title='bbox 544 2833 576 2891; x_wconf 90' lang='lat' dir='ltr'>iu</span> <span class='ocrx_word' id='word_1_191' title='bbox 599 2833 786 2893; x_wconf 87' lang='lat' dir='ltr'>calidissimis</span> <span class='ocrx_word' id='word_1_192' title='bbox 806 2835 977 2914; x_wconf 88' lang='lat' dir='ltr'>regionibus</span> <span class='ocrx_word' id='word_1_193' title='bbox 1000 2836 1130 2895; x_wconf 87' lang='lat' dir='ltr'>utilitate</span> <span class='ocrx_word' id='word_1_194' title='bbox 1154 2838 1283 2916; x_wconf 85' lang='lat' dir='ltr'>quadam</span> 
     </span>
     <span class='ocr_line' id='line_1_24' title="bbox 197 2936 1287 3021; baseline 0.004 -25"><span class='ocrx_word' id='word_1_195' title='bbox 197 2936 321 3021; x_wconf 84' lang='lat' dir='ltr'>physica</span> <span class='ocrx_word' id='word_1_196' title='bbox 350 2937 514 2996; x_wconf 90' lang='lat' dir='ltr'>certissime</span> <span class='ocrx_word' id='word_1_197' title='bbox 542 2959 602 2996; x_wconf 91' lang='lat' dir='ltr'>non</span> <span class='ocrx_word' id='word_1_198' title='bbox 624 2938 781 2997; x_wconf 90' lang='lat' dir='ltr'>carebant:</span> <span class='ocrx_word' id='word_1_199' title='bbox 813 2961 883 3000; x_wconf 90' lang='lat' dir='ltr'>cum</span> <span class='ocrx_word' id='word_1_200' title='bbox 913 2940 994 2999; x_wconf 91' lang='lat' dir='ltr'>enim</span> <span class='ocrx_word' id='word_1_201' title='bbox 1025 2941 1136 2999; x_wconf 87' lang='lat' dir='ltr'>multae</span> <span class='ocrx_word' id='word_1_202' title='bbox 1158 2940 1287 3021; x_wconf 90' lang='lat' dir='ltr'>impuri-</span> 
     </span>
     <span class='ocr_line' id='line_1_25' title="bbox 197 3042 1286 3131; baseline 0.004 -31"><span class='ocrx_word' id='word_1_203' title='bbox 197 3050 272 3101; x_wconf 85' lang='lat' dir='ltr'>tates</span> <span class='ocrx_word' id='word_1_204' title='bbox 301 3053 398 3102; x_wconf 85' lang='lat' dir='ltr'>essent</span> <span class='ocrx_word' id='word_1_205' title='bbox 427 3042 594 3119; x_wconf 86' lang='lat' dir='ltr'>ejusmodi,</span> <span class='ocrx_word' id='word_1_206' title='bbox 627 3053 661 3102; x_wconf 91' lang='lat' dir='ltr'>ut</span> <span class='ocrx_word' id='word_1_207' title='bbox 685 3065 747 3103; x_wconf 92' lang='lat' dir='ltr'>non</span> <span class='ocrx_word' id='word_1_208' title='bbox 763 3044 852 3104; x_wconf 85' lang='lat' dir='ltr'>facile</span> <span class='ocrx_word' id='word_1_209' title='bbox 873 3045 941 3124; x_wconf 90' lang='lat' dir='ltr'>quis</span> <span class='ocrx_word' id='word_1_210' title='bbox 958 3044 1012 3103; x_wconf 87' lang='lat' dir='ltr'>diu</span> <span class='ocrx_word' id='word_1_211' title='bbox 1032 3045 1067 3102; x_wconf 93' lang='lat' dir='ltr'>ab</span> <span class='ocrx_word' id='word_1_212' title='bbox 1086 3045 1123 3131; x_wconf 82' lang='lat' dir='ltr'>iis</span> <span class='ocrx_word' id='word_1_213' title='bbox 1143 3044 1286 3106; x_wconf 89' lang='lat' dir='ltr'>immunis</span> 
     </span>
    </p>
   </div>
   <div class='ocr_carea' id='block_1_3' title="bbox 200 3147 1285 3439">
    <p class='ocr_par' dir='ltr' id='par_1_3' title="bbox 200 3147 1285 3439">
     <span class='ocr_line' id='line_1_26' title="bbox 200 3147 1285 3227; baseline 0.004 -21"><span class='ocrx_word' id='word_1_214' title='bbox 200 3167 354 3206; x_wconf 90' lang='lat' dir='ltr'>remanere</span> <span class='ocrx_word' id='word_1_215' title='bbox 380 3156 490 3226; x_wconf 87' lang='lat' dir='ltr'>posset,</span> <span class='ocrx_word' id='word_1_216' title='bbox 513 3147 630 3227; x_wconf 83' lang='lat' dir='ltr'>saepius</span> <span class='ocrx_word' id='word_1_217' title='bbox 653 3148 780 3208; x_wconf 88' lang='lat' dir='ltr'>lotiones</span> <span class='ocrx_word' id='word_1_218' title='bbox 811 3150 1043 3209; x_wconf 87' lang='lat' dir='ltr'>instituerentur</span> <span class='ocrx_word' id='word_1_219' title='bbox 1071 3171 1188 3210; x_wconf 86' lang='lat' dir='ltr'>necesse</span> <span class='ocrx_word' id='word_1_220' title='bbox 1204 3161 1285 3226; x_wconf 88' lang='lat' dir='ltr'>erat,</span> 
     </span>
     <span class='ocr_line' id='line_1_27' title="bbox 200 3242 1284 3339; baseline 0.006 -32"><span class='ocrx_word' id='word_1_221' title='bbox 200 3242 307 3330; x_wconf 89' lang='lat' dir='ltr'>quibus</span> <span class='ocrx_word' id='word_1_222' title='bbox 327 3249 400 3308; x_wconf 89' lang='lat' dir='ltr'>adeo</span> <span class='ocrx_word' id='word_1_223' title='bbox 421 3251 556 3339; x_wconf 87' lang='lat' dir='ltr'>repetitis</span> <span class='ocrx_word' id='word_1_224' title='bbox 572 3252 706 3331; x_wconf 87' lang='lat' dir='ltr'>eorporis</span> <span class='ocrx_word' id='word_1_225' title='bbox 727 3255 887 3315; x_wconf 88' lang='lat' dir='ltr'>mundities</span> <span class='ocrx_word' id='word_1_226' title='bbox 905 3256 1018 3334; x_wconf 89' lang='lat' dir='ltr'>optime</span> <span class='ocrx_word' id='word_1_227' title='bbox 1042 3257 1284 3330; x_wconf 83' lang='lat' dir='ltr'>conservabatur,</span> 
     </span>
     <span class='ocr_line' id='line_1_28' title="bbox 201 3354 1141 3439; baseline 0.009 -28"><span class='ocrx_word' id='word_1_228' title='bbox 201 3374 278 3432; x_wconf 89' lang='lat' dir='ltr'>quae</span> <span class='ocrx_word' id='word_1_229' title='bbox 295 3354 382 3414; x_wconf 84' lang='lat' dir='ltr'>facile</span> <span class='ocrx_word' id='word_1_230' title='bbox 404 3367 442 3414; x_wconf 84' lang='lat' dir='ltr'>ex</span> <span class='ocrx_word' id='word_1_231' title='bbox 463 3358 577 3434; x_wconf 85' lang='lat' dir='ltr'>majore</span> <span class='ocrx_word' id='word_1_232' title='bbox 597 3358 814 3438; x_wconf 85' lang='lat' dir='ltr'>perspiratione</span> <span class='ocrx_word' id='word_1_233' title='bbox 836 3370 961 3420; x_wconf 87' lang='lat' dir='ltr'>cutanea</span> <span class='ocrx_word' id='word_1_234' title='bbox 977 3369 1141 3439; x_wconf 88' lang='lat' dir='ltr'>pateretur.</span> 
     </span>
    </p>
   </div>
   <div class='ocr_carea' id='block_1_4' title="bbox 705 3568 794 3643">
    <p class='ocr_par' dir='ltr' id='par_1_4' title="bbox 705 3568 794 3643">
     <span class='ocr_line' id='line_1_29' title="bbox 705 3568 794 3643; baseline 0.022 -17"><span class='ocrx_word' id='word_1_235' title='bbox 705 3568 794 3643; x_wconf 65' lang='lat' dir='ltr'>aar.</span> 
     </span>
    </p>
   </div>
   <div class='ocr_carea' id='block_1_5' title="bbox 242 3769 1283 3855">
    <p class='ocr_par' dir='ltr' id='par_1_5' title="bbox 242 3769 1283 3855">
     <span class='ocr_line' id='line_1_30' title="bbox 242 3769 1283 3855; baseline 0.006 -27"><span class='ocrx_word' id='word_1_236' title='bbox 242 3769 366 3830; x_wconf 86' lang='lat' dir='ltr'>Haeode</span> <span class='ocrx_word' id='word_1_237' title='bbox 385 3773 557 3833; x_wconf 90' lang='lat' dir='ltr'>virororum</span> <span class='ocrx_word' id='word_1_238' title='bbox 567 3773 750 3855; x_wconf 89' lang='lat' dir='ltr'>impuritate.</span> <span class='ocrx_word' id='word_1_239' title='bbox 772 3773 876 3833; x_wconf 86' lang='lat' dir='ltr'>Varias</span> <span class='ocrx_word' id='word_1_240' title='bbox 894 3775 983 3837; x_wconf 89' lang='lat' dir='ltr'>etiam</span> <span class='ocrx_word' id='word_1_241' title='bbox 994 3776 1030 3835; x_wconf 90' lang='lat' dir='ltr'>de</span> <span class='ocrx_word' id='word_1_242' title='bbox 1042 3776 1181 3839; x_wconf 82' lang='lat' dir='ltr'>foeminis</span> <span class='ocrx_word' id='word_1_243' title='bbox 1199 3772 1283 3834; x_wconf 83' lang='lat' dir='ltr'>men-</span> 
     </span>
    </p>
   </div>
   <div class='ocr_carea' id='block_1_6' title="bbox 233 4016 667 4075">
    <p class='ocr_par' dir='ltr' id='par_1_6' title="bbox 233 4016 667 4075">
     <span class='ocr_line' id='line_1_31' title="bbox 233 4016 667 4075; baseline 0 -15"><span class='ocrx_word' id='word_1_244' title='bbox 233 4016 281 4075; x_wconf 77' lang='lat'>(85)</span> <span class='ocrx_word' id='word_1_245' title='bbox 299 4017 343 4061; x_wconf 84' lang='lat' dir='ltr'>Die</span> <span class='ocrx_word' id='word_1_246' title='bbox 357 4019 502 4068; x_wconf 84' lang='lat' dir='ltr'>Lustseuche.</span> <span class='ocrx_word' id='word_1_247' title='bbox 519 4027 562 4063; x_wconf 77' lang='lat' dir='ltr'>etc.</span> <span class='ocrx_word' id='word_1_248' title='bbox 577 4035 600 4075; x_wconf 89' lang='lat' dir='ltr'>p.</span> <span class='ocrx_word' id='word_1_249' title='bbox 615 4020 667 4064; x_wconf 73' lang='lat'>³⁸5.</span> 
     </span>
    </p>
   </div>
   <div class='ocr_carea' id='block_1_7' title="bbox 0 0 1382 4710">
    <p class='ocr_par' dir='ltr' id='par_1_7' title="bbox 0 0 1382 4710">
     <span class='ocr_line' id='line_1_32' title="bbox 0 0 1382 4710; baseline 0 1"><span class='ocrx_word' id='word_1_250' title='bbox 0 0 1382 4710; x_wconf 95' lang='lat' dir='ltr'> </span> 
     </span>
    </p>
   </div>
  </div>
 </body>
</html>
