2754 4710
599 450 797 508 ..6)-

125 606 347 681 Quinetiam
376 604 535 664 recentiori
566 617 733 686 temporeo
761 611 836 669 viris
859 613 983 672 cruditis
1002 614 1071 675 hnic
1092 621 1229 698 sanguini

126 712 249 770 mirae
265 710 408 790 quaedam
421 711 577 789 qualitates
587 713 679 772 inesse
694 714 906 789 credebantur,
929 717 1010 776 iuter
1027 741 1100 798 quos
1117 723 1228 800 Spren-

128 819 193 894 gel
219 814 287 896 (96)
310 816 407 890 dixit,
430 816 486 873 hoc
502 818 661 895 sanguine,
683 818 752 901 licet
775 829 939 879 venenatus
957 843 1017 880 non
1041 824 1094 898 sit,
1117 824 1228 885 halitus

128 919 295 996 quosdam
313 918 404 977 sirmii
422 919 539 995 emitti,
556 921 616 1001 ‘qui
630 921 664 979 in
683 922 795 982 distans
816 945 901 1002 agere
919 936 949 984 et
968 910 1228 988 fermentationem

131 1023 218 1081 viui
237 1032 289 1081 aut
310 1021 470 1082 cerevisiae
486 1023 648 1102 producere
665 1039 797 1104 possunt.
839 1031 916 1091 llaec
932 1024 1052 1107 omnia,
1077 1035 1120 1092 uti
1131 1037 1227 1112 'perse

132 1136 251 1206 patet,
285 1127 383 1205 potius
413 1126 627 1207 hypothetica,
649 1152 746 1208 ¹quam
775 1133 916 1212 prudenti
931 1137 1139 1196 observatione
1159 1140 1228 1197 suu-

134 1235 218 1295 ‹lata
252 1245 340 1298 suut:
374 1235 488 1314 putridi
517 1237 631 1315 aliquid
660 1238 711 1296 hic
735 1240 853 1318 sanguis
868 1251 961 1324 ..certe
988 1264 1048 1301 nou
1076 1244 1226 1316 continet,

133 1342 222 1400 adeo
249 1350 285 1398 ut
301 1340 346 1398 'de
376 1341 521 1400 damnatis
550 1343 613 1418 ejus
640 1344 832 1422 qualitatibus
854 1344 933 1403 nibil
949 1346 1064 1424 liqueat
1084 1345 1163 1428 (97).
1184 1348 1228 1408 Ne

135 1449 251 1527 itaque
275 1447 410 1527 physicas
442 1426 586 1508 utilitates
613 1450 684 1529 legis
706 1451 849 1508 lllosaicae
870 1449 907 1508 de
928 1450 1103 1528 impuritate
1119 1451 1227 1508 scerni-

137 1575 204 1612 nae
223 1561 424 1611 menstruatae
438 1553 644 1642 inquiramus3
665 1554 761 1628 sorte,
775 1555 821 1613 uti
839 1557 881 1616 cl.
892 1532 1046 1616 Michaelis
1055 1566 1139 1635 putat
1149 1557 1225 1638 (98),

132 1659 208 1734 jam
227 1669 297 1715 ante
320 1656 405 1715 blosis
424 1666 548 1715 aetatem
570 1658 650 1736 apud
671 1658 818 1717 israelitas
838 1658 939 1718 fluxus
959 1660 1147 1719 menstrualis
1167 1660 1227 1717 im·

137 1784 242 1843 purus
271 1761 432 1820 habebatur
454 1761 539 1842 (99),
562 1782 654 1840 quam
672 1762 859 1840 opinionem,
883 1763 995 1842 quippe
1018 1783 1094 1840 quae
1121 1784 1227 1822 nocere

139 1844 210 1927 aion
228 1875 347 1945 posset,
369 1866 536 1925 servaverit
553 1867 716 1944 legislator;
739 1868 877 1927 licethac
892 1868 1007 1927 ratione
1017 1915 1026 1942 ,
1050 1890 1096 1926 me
1108 1869 1224 1945 judice,

139 1971 283 2031 nondum
313 1970 353 2028 sit
377 1969 583 2048 explicatum,
617 1990 711 2049 quare
741 1968 821 2028 hanc
837 1979 986 2048 acceptam
1004 1971 1176 2048 opinionem
1191 1973 1226 2040 iu

141 2080 243 2158 lepem
260 2074 396 2133 verterit.
439 2074 512 2132 Cum
523 2091 595 2131 vero
610 2069 667 2129 hac
683 2072 769 2142 dere,
785 2072 979 2152 quippequae
994 2073 1032 2131 acl
1046 2074 1226 2141 medicinam

143 2191 227 2241 certe
254 2199 315 2238 non
347 2177 495 2258 pertineat
504 2223 517 2256 ,Ι
533 2175 699 2254 inquirere,
726 2185 861 2235 nostrum
887 2177 1027 2252 nonsit,
1047 2178 1112 2254 jam
1128 2178 1227 2256 potius

143 2285 320 2357 videamus,
355 2300 515 2360 quamnam
544 2279 706 2338 utilitatem
722 2278 815 2340 altera
840 2279 877 2336 de
897 2280 1024 2338 muliere
1042 2289 1226 2340 menstruata

144 2391 196 2448 lex
212 2387 321 2447 habere
348 2385 496 2464 potuerit,
521 2404 555 2442 ea
566 2383 704 2458 scilicet,
727 2403 804 2463 quae
820 2384 880 2463 agit
897 2384 934 2442 de
955 2383 1038 2466 coitu
1052 2405 1121 2442 cmn
1140 2404 1226 2443 men·

146 2501 270 2552 struata.
311 2490 502 2570 Quicumque
522 2508 591 2546 cum
609 2488 663 2545 tali
683 2465 847 2564 cubuisset,
869 2507 923 2566 per
939 2500 1052 2568 septem
1069 2487 1132 2547 dies
1151 2497 1226 2548 esset
1270 2529 1272 2533 ψ
1293 2514 1295 2517 ’

147 2579 292 2674 pollutus
309 2595 366 2671 (vs,
391 2592 463 2672 25):
485 2593 532 2652 siu
551 2612 624 2651 vero
648 2591 760 2649 mulier
777 2590 847 2649 viro
864 2591 912 2649 sui
935 2591 1087 2670 sanguinis
1104 2590 1224 2650 fluxum

146 2696 321 2770 indicasset,
357 2698 429 2755 adeo
459 2706 492 2754 nt
521 2696 656 2757 conscius
683 2716 749 2754 cum
769 2704 953 2754 menstruata
971 2716 1035 2761 rem
1054 2696 1222 2773 habuisset,

146 2805 232 2862 ambo
259 2802 296 2858 de
314 2820 439 2858 numero
467 2778 521 2858 suo
537 2800 717 2858 tollerentur
735 2800 801 2878 (ΙΙΙ.
821 2799 892 2857 Mos.
911 2801 975 2859 XX.
999 2800 1059 2877 18).
1101 2801 1227 2860 Etiamsi

145 2927 216 2967 oum
244 2902 286 2963 Cl.
316 2902 468 2961 Michaelis
499 2899 586 2983 (100)
616 2902 693 2960 hanc
724 2923 848 2982 poenam
874 2923 935 2961 non
953 2903 996 2960 ita
1016 2903 1221 2981 accipiamus,

148 3081 373 3097 un*—

172 3169 225 3232 Ι(90)
241 3175 379 3222 Srnsronn,
399 3170 503 3214 institut.
517 3167 619 3225 Physiol.
638 3169 704 3211 'l'cnn
720 3169 752 3212 11.
768 3171 788 3213 1.
798 3171 819 3213 3.
835 3183 884 3226 cap.
900 3170 922 3213 2.
937 3168 1016 3224 5517.

176 3255 224 3312 (97)
239 3257 347 3302 Pinnata,
361 3249 530 3294 Meciziuischas
544 3249 707 3294 Realwilrterb.
722 3253 754 3297 V.
768 3267 791 3308 p.
808 3252 858 3296 163.
873 3252 910 3296 cf.
925 3253 977 3296 Jon.
993 3253 1112 3301 Marma,
1134 3248 1220 3298 (Hand.

146 3343 204 3384 buch
218 3342 258 3382 der
271 3334 413 3395 physiologia
425 3337 462 3383 des
474 3335 604 3382 Menschen.
620 3335 685 3378 Tom.
701 3335 733 3377 ΙΙ.
748 3319 771 3390 p,
788 3335 866 3390 640),
881 3335 920 3390 qui
933 3333 1034 3385 latetur,
1049 3347 1149 3376 caussam
1156 3348 1220 3378 men-

146 3420 277 3464 struationis
290 3419 383 3477 ejusque
397 3415 505 3473 periodici
526 3414 611 3457 reditus
632 3431 678 3458 esse
696 3416 845 3474 incognitam:
867 3418 905 3460 sed
921 3422 1023 3459 veterum
1044 3415 1170 3472 opinionem
1193 3417 1221 3458 de

146 3502 277 3558 purgatione
292 3500 388 3555 quadam
401 3497 502 3553 corporis
515 3504 593 3553 aperte
605 3496 686 3539 salsam
700 3513 746 3541 esse
759 3498 822 3542 dicit.

149 3600 152 3605 ·
176 3560 224 3638 (ss)
242 3583 355 3631 uranias.
371 3582 429 3624 uas.
444 3582 510 3637 Regt.
525 3582 557 3625 v.
572 3584 584 3637 s
599 3579 650 3623 2⁷1.
755 3562 761 3573 '

176 3664 223 3719 (99)
239 3663 290 3703 Jam
302 3663 369 3711 odor,
382 3662 422 3717 qui
435 3663 514 3704 multis
525 3661 629 3704 foeminis
643 3662 788 3704 menstruatis
808 3669 842 3704 est
856 3662 963 3717 proprius
982 3662 1097 3704 Israelitas
1115 3663 1220 3705 iuducere

146 3738 234 3799 potuit,
250 3750 277 3785 ut
289 3743 345 3784 tales
360 3741 461 3798 impuras
474 3725 655 3798 pronuntiarent.
687 3743 794 3794 Accedit,
808 3742 867 3800 quod
879 3742 940 3796 apud
953 3756 1002 3793 eas,
1016 3756 1073 3798 quae
1093 3742 1134 3784 hoc
1154 3743 1220 3785 lintei

146 3839 186 3880 ope
198 3838 243 3866 non
257 3831 404 3880 praecavent,
418 3824 507 3880 sanguis
521 3824 585 3865 humi
598 3825 675 3875 cadat,
695 3824 814 3881 omniaque
827 3814 973 3875 contaminet,
986 3824 1097 3880 imprimis
1111 3824 1136 3868 in
1147 3823 1219 3880 regio-

147 3908 213 3951 nibus
226 3906 384 3955 calidioribus,
400 3907 439 3949 ubi
452 3922 536 3951 menses
556 3908 666 3964 copiosius
681 3909 764 3952 ssuunt.

176 3989 240 4045 (100)
257 3990 314 4034 Illos.
330 3988 395 4044 cht.
410 3989 441 4033 V.
457 3991 469 4044 §
485 3988 536 4032 271.
555 4003 577 4044 p.
594 3987 645 4032 342.
