2754 4710
545 452 764 511 -166-

144 627 227 666 verse
256 610 357 667 omnia
388 610 515 690 templa,
545 611 579 668 in
610 613 717 692 quibus
736 611 900 671 sanationes
929 612 994 671 lieri
1015 613 1194 685 credebantur,

145 731 260 769 summo
289 712 321 769 in
353 712 465 772 honore
497 724 595 773 crant:
627 715 670 774 sic
704 714 737 795 (Ι.
767 715 807 791 ο.)
849 715 963 774 mentio
995 715 1030 775 fit
1064 715 1198 796 penetralia

144 813 279 895 (ἄδυτον)
311 815 380 874 lsidi
409 818 503 893 sacri,
535 819 569 876 in
600 819 685 896 cujus
707 817 865 877 vicinitate
886 817 1021 878 habitare
1041 821 1121 879 nefas
1138 829 1200 891 erat,

146 927 175 975 et
199 939 259 996 qno
279 920 375 979 aditus
404 921 518 979 nemini
537 919 665 995 licebat,
686 920 747 979 nisi
766 941 855 999 quem
876 921 940 1000 ipsa
963 923 1017 981 Isis
1037 943 1091 1001 per
1110 920 1202 980 somni·
1252 978 1256 991 ,

144 1043 229 1082 orum
268 1025 332 1083 visa
370 1024 551 1086 advocasset.
603 1025 685 1084 ldem
716 1026 797 1085 valet
826 1026 863 1084 de
892 1027 1064 1106 Aesculapii
1092 1027 1202 1105 templo,
1253 1044 1256 1093 ;

145 1128 224 1205 qnod
249 1139 315 1212 erat
340 1128 500 1208 Epidauri,
524 1128 561 1187 ad
584 1131 664 1208 quod
682 1130 738 1202 iis,
759 1131 814 1210 qui
841 1151 903 1188 non
919 1130 1034 1189 initiati
1054 1141 1153 1201 erant,
1170 1149 1206 1195 as·

145 1234 247 1293 cedere
276 1255 337 1292 non
362 1235 484 1308 licebat,
513 1234 572 1293 nisi
600 1234 771 1315 praemissis
789 1234 1015 1293 lustrationibus
1022 1257 1030 1310 3
1053 1235 1127 1313 quin
1141 1234 1208 1293 iutra

145 1339 291 1405 ambitum
317 1339 379 1398 luci
407 1337 464 1396 hoc
489 1341 634 1418 templum
660 1338 805 1417 cingentis
831 1338 912 1397 nefas
937 1349 1003 1398 erat
1028 1341 1107 1399 mori
1121 1357 1208 1417 quent·

141 1463 232 1521 quam
262 1451 315 1500 aut
340 1443 424 1502 nasci
453 1443 531 1522 (st).
579 1444 655 1503 Tota
682 1443 829 1523 Epidauri
872 1445 954 1523 regio
971 1443 1145 1523 Aesculapio
1163 1450 1212 1503 erat

141 1566 242 1622 sacra,
259 1565 352 1624 eaque
370 1567 462 1625 prope
484 1549 634 1627 Asopum,
673 1549 724 1607 ubi
747 1549 850 1607 sanum
868 1547 1038 1626 Aesculapii
1064 1559 1146 1615 erat,
1169 1545 1211 1624 by-

145 1650 325 1727 perteleaton
351 1655 626 1730 (Ὑπερτελέατον),
654 1652 738 1730 quasi
767 1651 817 1710 hic
833 1653 976 1730 mysteria
997 1651 1160 1711 sacerrima
1175 1668 1211 1708 ce·

148 1754 352 1831 lebrarentur‚
382 1757 545 1817 vocabatur
573 1757 651 1838 (55).
693 1756 824 1815 Maxima
852 1774 967 1834 semper
987 1765 1052 1813 erat
1071 1755 1156 1834 copia
1170 1752 1212 1813 bo-

146 1860 288 1934 minum,
316 1860 368 1939 qui
388 1860 426 1918 ad
443 1860 609 1940 Aesculapii
631 1860 743 1938 templa
763 1859 938 1935 affluebant,
957 1859 1110 1938 imprimis
1127 1860 1164 1919 ad
1179 1878 1212 1932 aa,

147 1986 221 2043 quae
246 1966 436 2026 celeberrima
455 1965 648 2026 trahebantur.
692 1965 740 2025 stc
764 1964 971 2043 aesculapius,
992 1966 1045 2044 qa
1068 1965 1106 2025 aa
1124 1948 1213 2027 Tarta

146 2090 228 2128 ream
248 2071 395 2150 templum
418 2068 558 2141 habebat,
591 2091 651 2129 non
674 2071 768 2130 solum
791 2090 809 2126 a
834 2069 1082 2146 Tithorensibus,
1098 2071 1149 2129 sed
1164 2091 1214 2129 orn-

146 2173 220 2231 nino
240 2195 257 2230 a
277 2175 400 2233 caeteris
431 2173 630 2235 Phocensibus
662 2193 766 2251 magna
793 2193 862 2231 cum
887 2171 1031 2250 religione
1058 2174 1212 2233 colebatur:

145 2278 184 2336 ad
212 2277 357 2357 templum
386 2278 570 2339 Lebenaeum
595 2291 696 2340 autem
717 2276 886 2335 universam
912 2277 1041 2352 Cretam,
1060 2286 1091 2336 et
1106 2277 1143 2345 ad
1159 2278 1215 2341 Per·

147 2402 304 2459 gamenum
322 2381 495 2440 universam
512 2382 611 2441 Asiam
630 2378 827 2454 confluxisse,
845 2379 921 2439 dicit
937 2378 1138 2449 Philostratus
1148 2378 1214 2462 (56).

151 2488 268 2561 Quanta
296 2485 375 2542 fama
401 2484 553 2563 Asclepiea
578 2484 660 2563 apud
685 2484 812 2542 Graecos
837 2482 1027 2558 fruerentur,
1054 2484 1165 2563 optime
1185 2500 1215 2541 ex

151 2587 334 2646 orationibus
360 2587 451 2646 sacris
479 2587 515 2644 ab
545 2587 675 2648 Aristide
701 2590 875 2668 conscriptis
893 2590 1035 2651 conficere
1056 2610 1213 2671 possumus:

151 2693 185 2749 in
203 2691 250 2749 his
270 2691 349 2749 euim
372 2690 471 2750 ubivis
491 2692 731 2753 manifestissima
749 2693 927 2752 documenta
948 2694 1106 2772 videmus,
1126 2690 1216 2774 quanti

151 2798 214 2876 ipse
240 2796 384 2872 Aristides
412 2796 598 2876 Asclepiades
613 2798 724 2858 faceret
734 2844 744 2874 ,
765 2807 795 2857 et
823 2809 966 2877 quantam
984 2799 1071 2860 [idem
1089 2801 1216 2865 tribueret

151 2901 206 2973 iis,
239 2920 315 2979 qnae
342 2900 595 2978 praescribebant,
626 2902 696 2962 licet
721 2903 881 2982 aliquando
907 2903 1021 2962 suerint
1038 2903 1214 2965 stultissima:

152 3007 188 3064 de
214 3006 343 3064 aliorum
368 3004 424 3063 fide
449 3004 569 3083 quidem
595 3027 657 3064 non
677 3006 790 3067 directo
801 2999 895 3075 modo,
912 3008 1052 3088 loquitur
1069 3008 1214 3080 Aristides,

152 3109 201 3170 sed
221 3131 289 3170 cnm
307 3110 380 3190 ipse,
393 3109 456 3168 fere
476 3109 610 3170 ducentis
628 3120 695 3189 post
714 3113 865 3179 Christum
886 3123 990 3173 natam
1010 3115 1214 3175 annisviveaa

154 3237 223 3276 enm
250 3236 297 3274 ars
325 3224 426 3275 nostra
445 3215 505 3290 jam
530 3216 622 3294 magis
642 3217 792 3276 elaborari
809 3217 972 3295 coepisset,
990 3218 1069 3276 tanti
1084 3216 1217 3296 Asclepia-

153 3320 224 3379 dum
244 3320 423 3379 medicinam
443 3319 555 3378 faceret
566 3366 575 3393 ,
600 3328 634 3377 ut
656 3318 764 3379 horum
785 3341 857 3400 prae
878 3321 1158 3401 Hippocraticorum
1174 3337 1218 3377 aa·

154 3423 236 3484 xiliis
252 3443 367 3502 semper
386 3422 549 3503 praeferret
570 3420 658 3503 (57),
676 3444 738 3482 non
748 3433 859 3502 potest,
880 3424 953 3505 quin
964 3426 1133 3502 credamus,
1152 3439 1218 3501 mag·

153 3549 223 3585 nam
247 3537 317 3585 ante
336 3549 405 3585 eum
426 3526 505 3605 apud
523 3528 648 3586 Graecos
667 3526 871 3606 Asclepiadum
889 3526 999 3586 famam
1020 3528 1129 3589 fnisse:
1152 3522 1215 3585 unde

153 3634 230 3692 enim
243 3681 251 3710 ‚
282 3633 339 3691 nisi
364 3633 400 3690 ab
428 3632 481 3706 iis,
518 3654 590 3710 quas
618 3631 805 3692 felicissimas
824 3632 991 3691 sanationes
1013 3629 1112 3709 secisse
1130 3625 1216 3690 crede·

163 3812 382 3822 m

186 3869 233 3928 (Sl)
250 3875 317 3918 Pars.
334 3877 367 3916 II.
384 3876 425 3924 26,
445 3872 482 3915 27.
953 3868 999 3926 (55)
1017 3871 1086 3916 Idem.
1102 3871 1146 3916 ΙΙΙ.
1161 3867 1191 3910 ²2·

186 3957 233 4012 (56)
250 3958 401 4001 Paraosruar.
416 3957 458 3999 rit.
473 3956 580 4011 Apollon.
595 3956 646 3997 Lib.
662 3957 705 3999 lt.
719 3971 739 3997 e·
754 3957 791 3998 34,
806 3970 828 4009 p.
846 3952 884 3996 174
909 3956 942 3997 ed.
958 3958 1047 4000 Ossan.

186 4041 232 4097 (57)
250 4041 357 4082 ,tarsun
379 4041 443 4079 Orat.
459 4052 515 4083 sacr.
531 4038 576 4081 ΙΙΙ,
593 4053 615 4093 p.
632 4036 688 4086 520,
706 4037 763 4086 538,
777 4034 819 4079 549
834 4049 866 4088 sq.
882 4043 923 4078 etc.
