2754 4710
684 478 884 537 ..32-

240 653 344 713 aeger,
373 655 450 713 equo
479 635 609 694 similem
643 657 703 696 esse
729 637 867 696 dicebant
886 646 916 696 et
935 638 971 696 ad
992 639 1165 717 Neptunum
1196 659 1335 701 caussam

237 741 416 801 referebant.
456 743 542 816 Quod
567 746 593 804 si
611 743 749 802 stercoris
765 742 879 820 aliquid
897 742 1065 820 emitteret,
1089 742 1219 804 Hecates
1247 745 1337 804 Euo·-

236 848 304 906 diae
334 849 496 928 appellatio
523 848 732 908 adhibebatur.
776 849 832 907 Sin
858 857 959 907 autem
993 849 1115 910 tenuius
1135 859 1166 909 et
1191 851 1329 911 crebrius

236 952 399 1030 dejiceret,
428 955 512 1014 velut
546 975 633 1028 aves,
661 951 770 1030 Apollo
804 951 938 1011 Nomius.
981 954 1011 1014 Si
1035 974 1109 1037 vero
1130 975 1273 1033 spumam
1291 978 1330 1019 ex

239 1079 290 1117 ore
320 1059 491 1119 demitteret
509 1068 540 1117 et
559 1058 682 1138 pedibus
698 1056 885 1130 calcitraret,
908 1057 984 1116 hlars
1003 1067 1070 1115 erat
1089 1066 1206 1116 auctor.
1227 1060 1328 1119 Pavo-

238 1185 284 1223 res
313 1185 387 1223 vero
418 1139 575 1232 nocturni,
605 1163 748 1237 timores,
779 1161 886 1220 deliria
913 1174 944 1220 et
972 1161 1237 1239 terriculamenta,
1258 1185 1329 1222 cum

237 1269 315 1347 aegri
338 1288 377 1327 ex
397 1268 489 1328 cubili
505 1267 637 1327 exiliunt
656 1279 687 1325 et
706 1265 844 1345 fugiunt,
864 1263 990 1324 Hecates
1009 1264 1133 1324 iusidias
1149 1275 1180 1324 et
1191 1265 1327 1327 Heroum

237 1372 406 1431 invasiones
422 1393 500 1446 esse,
523 1370 741 1431 affirmabant.’'
786 1369 865 1428 Haec
886 1369 1006 1429 etiamsi
1025 1390 1173 1448 perquam
1193 1359 1326 1432 ridicula

236 1475 313 1552 sint,
347 1477 586 1536 manifestissime
612 1477 759 1556 probant,
787 1474 924 1534 divinam
948 1475 1020 1533 huic
1051 1475 1153 1533 morbo
1180 1486 1324 1536 naturam

236 1583 274 1640 ob
301 1583 379 1661 mira
408 1582 471 1659 ejus
501 1591 702 1662 symptomata
718 1580 841 1660 vulgum
860 1579 1065 1657 adscripsisse:
1085 1579 1214 1638 alteram
1231 1580 1323 1657 hujus

235 1686 278 1743 rei
308 1707 440 1746 caussam
470 1688 556 1766 ponit
582 1697 688 1747 auctor
716 1689 749 1746 in
773 1682 928 1763 imperitia
954 1703 1076 1758 eorum,
1098 1682 1209 1764 quibus
1229 1684 1321 1762 hujus

238 1791 335 1849 morbi
362 1793 478 1851 curatio
502 1792 684 1850 tradebatur.
725 1792 762 1850 Et
790 1790 846 1849 hae
866 1788 958 1846 etiam
975 1798 1046 1846 sunt
1065 1809 1202 1860 caussae,
1228 1809 1319 1868 quare

235 1904 304 1954 arata
325 1895 534 1975 Hippocratem
560 1915 663 1955 omnes
677 1885 739 1953 sere
760 1892 856 1952 morbi
878 1892 945 1952 Diis
963 1893 1220 1952 attribuerentur:
1253 1914 1317 1952 cum
1356 1876 1359 1881 ⁴

236 1999 318 2058 enim
347 2001 445 2060 rarius
470 2000 650 2060 invaderent
671 1998 781 2067 morbi,
804 2009 835 2057 et
853 1997 997 2073 majorem
1015 1997 1209 2056 mirationem
1229 1997 1316 2058 facic-

235 2103 318 2179 bant,
332 2114 363 2163 et
382 2126 500 2164 caussae
518 2125 633 2178 eorum,
651 2112 685 2161 ut
703 2112 811 2162 natura
829 2114 860 2162 et
878 2105 993 2162 curatio
1003 2150 1012 2178 ,
1028 2104 1200 2183 incognitae
1217 2125 1315 2164 mane-

234 2208 315 2269 bant.
366 2211 444 2269 Cum
482 2231 556 2271 vero
598 2208 784 2286 frequentius
824 2228 916 2285 genus
950 2218 1088 2267 nostrum
1119 2208 1312 2278 infestarent,

233 2315 343 2373 sensim
370 2317 541 2394 sensimque
566 2315 688 2372 evanuit
712 2312 850 2381 miratio,
878 2331 1043 2391 eorumque
1064 2311 1182 2369 curatio
1204 2313 1315 2391 saepius

234 2417 468 2476 medicaminum
492 2439 548 2497 ope
576 2416 806 2496 perficiebatur:
830 2437 890 2494 quo
909 2416 1004 2483 sacto,
1024 2433 1083 2474 non
1098 2416 1228 2495 amplius
1252 2417 1313 2476 Diis

234 2519 459 2599 adscripserunt
488 2520 622 2595 morbos,
650 2539 724 2598 quos
757 2519 905 2578 humanae
932 2520 992 2578 arti
1024 2519 1126 2578 cedere
1152 2521 1311 2598 videbant,

234 2625 285 2682 sed
308 2645 357 2683 eos
375 2625 489 2697 solum,
512 2625 583 2704 qui,
606 2624 652 2682 uti
671 2625 794 2683 morbus
811 2643 892 2683 sacer
902 2670 911 2701 ,
934 2633 965 2683 et
988 2624 1067 2682 miro
1082 2634 1311 2703 symptomatum

233 2728 412 2807 complexu,
442 2740 473 2788 et
497 2749 669 2790 caussarum
688 2728 884 2796 obscuritate,
907 2738 943 2788 et*
966 2727 1090 2787 sanandi
1105 2726 1279 2788 difficultate
1296 2748 1312 2785 a

234 2833 357 2892 caeteris
390 2835 531 2893 omnihus
556 2833 740 2892 differebant.
792 2832 885 2912 Nobis
912 2831 1022 2912 igitur,
1061 2853 1130 2891 cum
1156 2833 1198 2891 sit
1230 2834 1329 2893 iuda-'
1357 2868 1359 2873 .

231 2937 376 3016 gendum,
399 2960 546 3017 quaenam
567 2939 662 2998 suerit
674 2939 762 3019 juxta
780 2949 919 2998 veterum
942 2938 1115 3016 opinionem
1137 2938 1219 2998 inter
1238 2943 1312 3000 Deos

231 3051 264 3101 et
284 3043 402 3103 morbos
428 3045 633 3121 necessitudo,
652 3055 827 3126 argumenta
847 3043 946 3103 minus
969 3061 1006 3101 ex
1030 3051 1162 3101 veterum
1184 3045 1311 3105 medico·

231 3166 302 3206 rum
330 3148 451 3227 scriptis
479 3159 550 3208 sunt
568 3149 714 3228 peteuda,
737 3149 850 3229 quippe
871 3167 948 3226 quae
970 3157 1038 3206 sunt
1053 3148 1219 3227 composita
1238 3160 1312 3210 tem·

233 3270 324 3327 pore,
355 3273 416 3331 quo
443 3253 579 3332 plerique
606 3252 704 3312 morbi
730 3254 795 3330 jam
822 3252 932 3313 caussis
955 3251 1145 3320 ¹naturalibus
1165 3254 1311 3314 attribue·

232 3353 359 3431 bantur,
386 3377 478 3436 quarn
509 3356 631 3434 quidem
658 3376 695 3415 ex
719 3357 803 3416 libris
828 3377 951 3432 eorum,
976 3357 1029 3436 qui
1048 3366 1118 3415 ante
1133 3358 1311 3419 rationalem
1359 3350 1361 3357 Α

232 3458 413 3519 medicinam
448 3460 598 3520 conditam
635 3461 793 3533 vixerunt,
824 3461 874 3520 vel
901 3460 938 3518 de
955 3460 1138 3538 temporibus
1166 3464 1310 3540 egerunt,

233 3563 341 3639 quibus
361 3562 498 3622 homines
514 3583 584 3622 raro
605 3574 669 3623 arte
687 3573 789 3622 nostra
804 3563 987 3642 indigebant.
1029 3562 1113 3624 Hanc
1129 3563 1213 3626 viam
1230 3564 1311 3624 nobit

236 3683 296 3723 esse
326 3667 566 3746 ingrediendam,
596 3669 660 3747 ipse
687 3667 788 3726 Celsus
806 3667 940 3726 indicare
960 3666 1091 3725 videtur.
1134 3666 1189 3728 llic
1208 3668 1305 3742 enin,

227 3786 298 3826 cum
325 3770 358 3827 in
385 3771 572 3830 Praelatione
602 3770 686 3829 Libri
705 3769 799 3849 primi
818 3775 854 3833 de
876 3772 1034 3833 Medicina
1052 3770 1181 3844 dixerit,
1214 3773 1307 3833 Poda-

231 3872 336 3933 lirium
367 3885 398 3933 et
429 3875 636 3949 Machaonem,
655 3875 748 3952 ‘juxta
768 3875 947 3949 Homerum,
982 3895 1043 3933 non
1064 3875 1098 3933 in
1118 3875 1301 3956 pestilentia,

230 3990 327 4058 neque
353 3980 384 4038 iu
410 3981 504 4041 variis
522 3981 680 4061 generibus
700 3979 872 4040 morborum
893 3978 1010 4060 aliquid
1029 3981 1164 4040 attulisse
1181 3982 1302 4053 auxilii,

228 4084 276 4142 soil
307 4084 485 4146 vulneribus
519 4084 724 4144 tantummodo
751 4084 832 4144 serro
848 4093 879 4144 et
894 4083 1115 4146 medicamentis
1134 4085 1248 4146 mederi
1264 4104 1305 4147 so·
