2754 4710
590 86 811 144 -155-

651 247 666 323 s
686 249 736 307 20.

197 456 245 517 De
272 453 456 534 Melampode
481 453 545 532 jam
573 456 688 535 saepius
714 476 817 515 sumus
842 455 954 514 locuti:
974 475 1127 517 sacrorum
1147 457 1235 517 insti·

151 569 263 619 tutore
278 557 482 638 compluribus
493 567 619 617 vocatur
638 558 701 640 (9),
724 569 755 619 et
774 570 857 620 vates
876 560 939 620 sere
958 562 994 621 ab
1006 562 1142 622 omnibus
1153 563 1231 645 (10),

151 683 245 743 quem
275 682 402 742 angues,
437 659 466 720 ei
494 681 580 720 aures
605 661 769 724 lambentes
798 665 981 724 vaticinandi
1001 676 1097 724 artem
1117 667 1234 728 docuis-

151 778 220 828 sent
249 767 327 849 (11).
378 768 496 846 Angues
524 768 605 826 enim
636 768 720 843 juxta
751 777 890 828 veterum
921 769 1114 848 opinionem,
1149 792 1235 831 aures

149 875 338 951 lambentes,
369 874 554 956 vaticinandi
579 874 654 932 artis
681 882 815 932 auctores
836 881 924 930 erant
955 871 1038 953 (12);
1071 875 1118 932 uti
1144 876 1234 934 etiam

152 978 332 1041 scholiastes
359 978 502 1036 Helenum
530 988 560 1036 et
591 977 783 1039 Cassandram
815 975 1022 1051 tradiderunt,
1060 976 1093 1035 in
1123 978 1235 1057 templo

150 1082 202 1141 vel
232 1081 266 1138 iu
294 1081 363 1140 luco
396 1081 546 1160 Apollinis
573 1103 642 1140 cum
671 1101 780 1160 angues
809 1080 847 1139 iis
878 1100 964 1139 aures
1000 1092 1232 1160 expurgassent,

151 1186 342 1247 vaticinandi
387 1187 461 1244 artis
505 1185 669 1264 participes
717 1186 810 1243 sactes
848 1183 955 1260 luisse,
996 1184 1068 1243 adeo
1110 1195 1144 1244 ut
1178 1186 1234 1245 soli

151 1297 288 1353 Deorum
322 1292 448 1351 consilia
486 1292 625 1350 audirent
654 1291 733 1372 (13).
776 1289 1068 1369 Antiquissimorum
1106 1292 1235 1349 medico-

149 1419 219 1458 rum
262 1397 377 1457 nullius
419 1397 588 1456 curationes
624 1406 725 1455 tantae
762 1405 943 1467 narrantur,
986 1407 1115 1474 quantae
1140 1397 1234 1478 ipsius

151 1503 360 1583 Melampodim
392 1503 508 1562 tamin
536 1503 663 1581 lpbicli,
682 1512 748 1560 tum
775 1503 808 1560 iu
843 1502 1050 1562 Proetidarum
1081 1504 1234 1563 curatione

149 1608 294 1669 babemus
325 1607 495 1685 exemplum
524 1606 610 1664 illius
624 1605 734 1664 veteris
752 1604 890 1664 medendi
911 1605 1064 1681 methodi,
1085 1626 1162 1685 quae
1183 1607 1233 1664 ni-

148 1711 268 1771 tebatur
292 1709 342 1770 vel
367 1709 543 1785 vaticiniis,
574 1710 622 1769 vel
646 1709 872 1769 lustrationibus
891 1719 922 1768 et
940 1709 1103 1769 sacrificiis.
1144 1710 1232 1782 Quod

147 1825 259 1877 autem*
286 1814 324 1873 ad
353 1815 560 1874 Proetidarum
590 1815 774 1873 cinationem
797 1815 925 1890 attinet,
954 1813 1025 1874 licet
1044 1825 1179 1876 auctores
1198 1816 1232 1874 in

147 1920 242 1998 hujus
270 1920 459 1980 enarratione
485 1940 546 1979 non
574 1919 662 1998 plane
689 1919 889 1994 conveniant,
917 1929 1018 1978 tamen
1039 1938 1076 1978 ex
1095 1919 1232 1979 omnibus

146 2022 269 2084 abunde
284 2032 384 2102 patet,
401 2025 494 2102 juxta
513 2023 649 2081 omnium
673 2024 829 2103 opiniones
844 2023 994 2102 imprimis
1001 2045 1084 2084 sacra
1093 2024 1127 2082 in
1145 2044 1232 2083 usum

146 2126 372 2189 vocatsfuisse:
393 2127 430 2186 de
449 2125 660 2187 enthusiastica
675 2127 853 2204 saltatione,
878 2129 923 2207 cuj
931 2149 963 2189 us
980 2129 1163 2190 mentionem
1186 2128 1232 2187 sa·

146 2232 193 2293 cit
223 2231 439 2311 Apollodorus,
468 2233 533 2308 jam
554 2232 647 2291 locuti
677 2251 796 2292 suiuus:
826 2231 917 2290 etiam
943 2232 1103 2292 Pausanias
1118 2233 1229 2306 tradit,

148 2334 369 2414 Melampcdem
395 2335 547 2394 Proetidas
576 2355 613 2394 ex
640 2338 782 2415 spelunca
799 2336 834 2393 in
854 2337 1008 2395 montibus
1024 2358 1115 2416 supra
1132 2339 1232 2396 Nona·

149 2439 232 2510 criu,
267 2440 302 2499 in
326 2459 388 2518 qua
418 2458 478 2497 sese
502 2437 697 2512 abdiderant,
728 2441 844 2498 arcanis
871 2439 1047 2516 quibusdam
1076 2440 1169 2498 sacris
1200 2448 1231 2497 et

147 2541 369 2622 expiationibus
396 2543 560 2601 extraxisse
589 2540 673 2620 (11);
688 2540 788 2613 ,addit
804 2550 904 2599 tamen
913 2586 923 2616 ,
943 2541 1021 2618 qnod
1039 2541 1119 2620 apud
1138 2541 1232 2620 Apol-

149 2645 289 2707 lodorum
312 2667 375 2706 uon
401 2645 542 2726 legimus,
576 2645 793 2724 Melampodem
821 2665 870 2703 eas
898 2645 1006 2705 Lussos
1033 2645 1230 2726 compulisse,

182 2863 217 2917 (Β)
231 2862 317 2907 Bacchi
329 2876 393 2906 sacra
407 2862 509 2905 instituit
528 2863 631 2914 (Hauon.
648 2866 681 2906 Il.
695 2865 732 2907 49.
746 2866 816 2907 Drou·
833 2865 880 2906 Src.
896 2865 948 2906 Lib.
965 2866 985 2906 1.
999 2879 1019 2906 c.
1041 2864 1078 2907 97.
1104 2864 1143 2915 [Τ.
1167 2866 1186 2907 I.
1207 2881 1230 2921 p.

151 2947 235 3005 maj).
266 2948 355 2991 cereris
369 2961 432 2990 sacra
443 2946 509 3002 juxta
524 2949 601 2991 Cenat.
618 2949 696 2991 Anax.
713 2950 768 2991 coh.
784 2949 812 2990 ad
831 2948 899 2991 Geut.
921 2963 945 3004 p.
969 2948 995 2990 12
1014 2961 1049 3002 sq.
1070 2963 1093 3003 p.
1114 2946 1136 2991 5.
1159 2950 1230 2993 Sm-

146 3030 281 3075 Clurissimo
294 3046 318 3074 v.
332 3033 443 3075 Liueunc
455 3033 576 3074 Bnonwun
595 3032 645 3075 veri
659 3031 732 3073 simile
744 3031 904 3072 videtursacra
917 3030 1002 3072 Bacchi
1016 3044 1067 3071 cum
1081 3031 1169 3073 Cereris
1177 3045 1231 3074 con-

146 3114 235 3158 fudisse
248 3114 385 3158 Clementem
400 3115 456 3167 (vid.
471 3130 491 3157 0.
506 3115 522 3156 l.
537 3116 601 3157 Part.
617 3115 637 3156 1.
660 3114 688 3155 T.
704 3114 739 3156 11.
754 3128 777 3168 p.
793 3111 843 3156 297.
859 3125 912 3154 aun.
930 3111 987 3166 28.).
1297 3165 1301 3171 Ι

177 3196 228 3253 (11))
242 3197 339 3240 Hauon.
350 3199 386 3240 11.
401 3198 438 3242 49.
454 3199 522 3240 Pecs.
539 3197 583 3239 1x.
599 3196 636 3239 31.
653 3197 782 3238 Tuncrum.
797 3195 832 3237 Id.
855 3196 901 3237 111.
922 3209 957 3238 vs.
972 3195 1009 3238 43.
1024 3197 1083 3238 Eum
1099 3195 1230 3237 animalium

144 3280 288 3324 locutionem
301 3278 439 3322 intellexisse
459 3279 611 3322 crediderunt.
645 3278 683 3321 Cs.
704 3280 827 3321 Ponrnrn.
850 3278 876 3319 dc
895 3278 978 3319 abstin.
999 3279 1047 3322 111.
1068 3280 1081 3333 ς
1102 3277 1131 3330 3;
1150 3285 1173 3320 et
1191 3292 1230 3326 ea,

145 3378 207 3418 quae
228 3362 290 3418 apud
308 3363 483 3405 Arounouunmt
505 3363 535 3414 (I.
557 3362 579 3404 9.
603 3361 638 3404 12.
655 3377 678 3417 p.
695 3359 742 3414 ⁷5.)
762 3367 785 3402 et
803 3362 968 3403 Presserunt
983 3359 1075 3416 (stagni.
1089 3360 1123 3402 sd.
1144 3361 1229 3402 Satine.

140 3444 240 3489 XXVI.
256 3456 278 3497 p.
296 3442 398 3500 119.)'da
410 3445 504 3487 vulture
518 3444 539 3486 ei
552 3444 675 3487 remedium
689 3443 773 3500 Iphicli
790 3442 902 3485 iudicante
922 3447 1055 3484 narrentur.

174 3525 228 3581 (11)
244 3527 363 3571 Arcanos.
380 3529 401 3570 1.
415 3527 437 3569 9.
453 3527 488 3569 11.
503 3543 526 3582 p.
541 3529 577 3570 ts.
728 3525 776 3581 (12)
793 3527 915 3567 Ponrurn.
936 3524 963 3566 de
975 3523 1068 3566 Abarin.
1084 3523 1131 3566 111.
1151 3526 1199 3580 §b

172 3609 226 3662 (1³)
243 3608 318 3651 schot.
333 3608 359 3651 iu
372 3611 457 3653 Eume.
472 3609 561 3651 Hecub.
580 3623 615 3651 vs.
630 3611 667 3653 ⁸7.
684 3612 798 3653 Eusrmn.
819 3609 845 3649 sd
863 3609 892 3650 Il.
914 3606 948 3650 H.
963 3619 998 3650 vs.
1014 3608 1051 3652 tt.
1066 3623 1089 3664 p.
1111 3606 1163 3650 531.

175 3691 229 3745 (14)
246 3690 315 3733 Pars.
329 3690 401 3735 vm.
416 3705 437 3732 c.
456 3689 489 3732 le.
506 3705 529 3745 p.
545 3689 635 3748 63611(Ι
