2754 4710
567 418 782 478 -l'r'h-

142 590 299 649 niiirntur:
321 586 353 643 in
374 584 554 642 Graecorum
574 599 646 638 vero
663 579 844 658 mythologie
861 581 922 639 l'ere
941 601 1058 662 semper
1073 595 1198 665 tanquam

142 692 305 773 symbolum
338 689 495 748 numinum
521 683 717 744 beneficorum
743 684 892 759 occnrrit,
920 688 966 746 uti
993 689 1084 747 etiam
1102 692 1200 767 exiis,

145 817 217 876 quos
246 814 318 853 urox
346 791 520 851 enumeravi
553 789 645 863 Deos,
674 785 788 846 abunde
808 798 906 868 patet,
925 803 955 850 et
971 791 1047 851 hinc
1067 794 1143 854 sorte.
1160 816 1205 855 an·

144 901 207 981 guis
235 899 291 958 Dei
318 897 455 956 sanitatis
482 912 600 973 quoqne
630 891 690 950 suit
707 892 873 970 symbolum
896 893 973 975 (90).
1014 897 1101 976 Apud
1124 898 1206 969 Grae.

146 1028 196 1067 eos
219 1003 292 1062 adeo
322 1012 466 1081 tanquam
489 999 598 1056 bonum
616 996 784 1074 symbolum
800 997 960 1057 habebatur
977 1020 1097 1080 serpens
1107 1048 1116 1076 ‚
1137 1013 1169 1063 u't
1187 1005 1209 1063 ei

145 1128 362 1187 nonnunquam
395 1126 467 1165 cura
485 1103 663 1162 tenellorum
691 1100 769 1158 tradi
788 1101 959 1160 crederetur
982 1103 1062 1182 (96).
1102 1106 1213 1165 Praeter

146 1213 223 1272 hanc
240 1209 450 1290 geureraliorem
459 1227 603 1279 caussam,
619 1224 710 1283 quare
728 1205 900 1284 Aesculapio
915 1207 1212 1290 tribuereturanguis,

147 1318 219 1375 duas
248 1313 398 1392 imprimis
427 1311 566 1391 speciales
592 1311 698 1373 addere
726 1314 830 1391 liceat,
861 1336 956 1394 quare
979 1317 1036 1376 hoc
1054 1320 1215 1397 symbolum

148 1432 217 1481 ante
233 1440 336 1478 omnes
346 1418 416 1477 huic
427 1419 490 1475 Deo
500 1415 593 1475 suerit
606 1419 759 1497 proprium
772 1443 778 1476 :
790 1420 1016 1479 namsatandnm
1028 1433 1081 1496 est,
1102 1443 1217 1504 semieu-

148 1538 190 1585 tes
209 1524 302 1583 nimis
326 1529 493 1581 constanter
517 1541 584 1578 cum
604 1520 777 1600 Aesculapio
799 1544 965 1602 occanere,
989 1524 1079 1605 qnam
1097 1535 1132 1586 ut
1149 1527 1217 1589 haec

150 1627 316 1708 generalior
343 1645 444 1686 caussa
465 1624 549 1683 nohis
569 1625 701 1684 sufficere
720 1637 819 1705 queat.
861 1629 895 1687 ln
912 1629 1108 1707 praecedente
1127 1632 1218 1711 capite

150 1731 334 1792 ostendimus
370 1729 567 1789 arctissimum
599 1731 776 1799 vinculum,
807 1731 885 1810 quod
911 1733 990 1812 apud
1016 1743 1133 1794 veteres
1161 1745 1218 1794 erat

149 1840 231 1897 inter
261 1829 506 1894 vaticinationem
536 1844 566 1892 et
586 1835 782 1912 medicinam,
804 1835 876 1894 adeo
895 1848 929 1896 ut
947 1848 1030 1899 vates
1046 1841 1217 1901 medicinam

151 1950 342 2015 exercerent,
364 1948 394 1998 et
411 1922 517 2009 iidem,
539 1937 586 1996 uti
605 1939 694 1997 etiarn
714 1940 851 2017 oracula,
863 1942 1048 2021 potissimum
1064 1943 1101 2002 de
1113 1938 1219 2005 morbis

153 2047 387 2107 mnsnlerent'nr.
426 2044 561 2103 Vidimus
590 2047 679 2103 etium
717 2055 831 2103 veteres
860 2055 996 2124 putantes
1022 2057 1116 2108 artem
1148 2051 1220 2110 vati-

152 2152 270 2211 cinandi
299 2151 335 2208 ab
353 2149 497 2228 nurguibns
515 2148 606 2207 tribui
618 2170 626 2222 ;
647 2147 719 2207 haec
735 2149 879 2226 angurium
901 2172 969 2209 cum
996 2153 1150 2213 vaticiniis
1173 2169 1226 2214 ne-'

153 2254 297 2315 cessitudo
319 2255 409 2313 ctiam
437 2253 471 2311 in
502 2251 627 2310 oraculis
647 2251 840 2330 perdurabat,
860 2263 891 2311 et
907 2250 971 2333 ipse
987 2254 1078 2315 draeo
1098 2258 1154 2317 sub
1171 2257 1219 2316 tri·

153 2359 246 2438 pede,
268 2378 344 2436 quiae
362 2366 427 2414 erat
444 2356 580 2435 Delphis,
604 2355 763 2414 vaticinari
779 2342 932 2416 dicebatur
952 2358 1028 2439 (97).
1070 2361 1120 2421 Sic
1136 2363 1217 2420 etiam

154 2463 234 2541 apud
263 2461 400 2540 Epirotas
427 2481 480 2539 per
507 2461 664 2529 dracones,
698 2482 771 2540 quos
794 2483 811 2519 a
831 2453 966 2542 Pythone
982 2465 1125 2544 Delphico
1142 2485 1218 2546 prog-

155 2574 241 2624 natos
260 2563 432 2632 eredebaut,
457 2564 568 2640 quique
588 2565 620 2621 in
639 2564 706 2622 luco
723 2566 853 2644 Apollini
869 2588 953 2627 sacro
968 2569 1133 2642 alebantur,
1148 2574 1216 2630 Deus

156 2667 316 2728 vaticinari
344 2666 534 2737 credebatur,
566 2666 712 2726 fertilisne
741 2677 771 2726 et
797 2670 921 2730 salubris
938 2692 1034 2730 armus
1052 2671 1216 2732 sutaruses-

157 2783 202 2831 set
226 2770 302 2854 (98).
345 2770 402 2829 Per
430 2769 557 2828 similem
588 2768 726 2830 draconis
745 2774 1008 2849 vaticinationem,
1040 2790 1117 2856 quae
1133 2776 1164 2834 in
1179 2794 1216 2833 sa-

158 2896 210 2935 cro
238 2876 307 2934 luco
330 2874 418 2951 juxta
440 2873 524 2933 aedes
551 2875 677 2932 lunonis
704 2875 738 2933 in
766 2876 940 2937 Latinorum
965 2881 1073 2960 oppido
1103 2877 1215 2940 Lavinio

158 2981 242 3039 statis
259 2976 360 3035 diebus
378 2976 486 3051 fichat,
509 2976 545 3034 de
561 2979 697 3037 castitate
712 2981 898 3040 sacerdotum
910 2974 1064 3060 virginum
1078 2982 1214 3060 judicium

160 3082 249 3159 lerri,
281 3089 385 3140 narrat
415 3080 494 3138 idem
526 3080 667 3140 Aelianus
695 3081 843 3163 ideoque,
872 3084 904 3142 in
934 3085 993 3144 fine
1023 3085 1113 3165 hujus
1133 3082 1214 3165 eapite

192 3323 240 3382 (95)
256 3321 424 3366 Observandum
438 3326 512 3361 tamen
526 3326 573 3368 est,
588 3327 675 3372 praeter
689 3321 785 3364 Graecos
797 3323 866 3364 ctiam
885 3325 940 3366 alias
953 3333 1029 3380 gentes
1046 3336 1166 3382 serpentem
1177 3329 1217 3363 Μ·

162 3408 229 3461 quani
243 3407 325 3447 honum
337 3402 463 3460 symbolum
476 3414 605 3444 venerasse:
623 3402 704 3444 bonum
725 3404 851 3446 daemonem
873 3385 1003 3463 (circiter
1021 3388 1158 3461 δαίμονα(
1177 3413 1216 3447 sau

161 3488 323 3544 nuncuparunt
330 3486 450 3530 Phoenices
471 3484 518 3537 (Cf.
532 3487 617 3528 linars.
629 3486 708 3538 Praep.
723 3486 809 3540 Evang.
823 3486 874 3530 Lib.
890 3486 910 3531 1.
926 3501 946 3531 c.
964 3486 999 3529 10.
1013 3501 1035 3542 p.
1050 3489 1107 3547 th).

192 3570 240 3628 (96)
256 3568 326 3615 Pluris.
341 3566 431 3626 Olymp.
445 3568 539 3610 Vnus.
555 3564 583 3609 76
596 3580 630 3620 sq.
1051 3623 1054 3630 Ἰ
1118 3564 1121 3569 ’

192 3650 239 3704 (97)
257 3652 353 3694 Locrus.
367 3629 393 3690 de
406 3648 518 3703 Astrolog.
533 3644 555 3690 c.
569 3637 662 3690 XXIII.
679 3646 708 3689 Τ.
727 3644 761 3689 Il.
775 3661 797 3701 p.
812 3647 865 3692 370.
886 3649 920 3692 ed.
935 3646 1018 3694 hartz.
1037 3650 1102 3695 1⁷43.

191 3731 240 3787 (98)
257 3733 357 3774 Anarta.
372 3730 433 3772 Hist.
448 3726 526 3771 Anini.
541 3728 592 3770 Lih.
607 3727 651 3771 x1.
666 3740 686 3768 e.
700 3725 722 3769 2.
737 3740 760 3780 p.
777 3726 828 3771 6⁰9.
860 3730 985 3784 Quotannis
1003 3745 1035 3775 se.
1049 3732 1085 3775 dis
1097 3728 1152 3775 sesto
1169 3726 1220 3779 virt⁰

163 3816 263 3860 sacerdos
283 3815 342 3856 nuda
356 3815 401 3855 sola
414 3812 506 3856 accessit
520 3812 640 3854 etvieturn
654 3811 785 3853 maronibus
799 3812 913 3866 porrexit;
934 3826 1001 3867 quam
1023 3816 1042 3856 si
1061 3815 1145 3869 placida
1161 3811 1223 3862 strue

162 3901 248 3945 sissent
261 3903 284 3939 at
297 3896 403 3939 alimenta
417 3900 517 3951 prompte
533 3893 694 3949 suscepissent,
708 3894 790 3935 honum
804 3899 853 3936 erat
866 3908 945 3944 omen,
960 3895 996 3938 sin
1009 3911 1063 3940 vero
1080 3896 1186 3939 terribiles
1196 3899 1222 3930 ⁶1·

164 3996 190 4037 ga
204 3982 268 4024 illam
281 3977 377 4031 fuissent
390 3984 412 4018 et
425 3977 531 4018 alimenta
545 3990 590 4020 non
602 3976 751 4032 accepissent,
766 3976 904 4019 eontrarium
919 3976 1023 4020 saturum
1035 3979 1170 4020 credebatur.
