2754 4710
568 495 769 555 ..21.-

128 653 192 716 albi
209 656 350 735 pilisnnt
369 668 398 715 et
413 659 548 737 lanugini
567 658 686 717 similes.
730 659 839 718 Ouinia
856 659 925 717 baec
945 662 1067 738 serp'unt
1078 682 1085 732 5
1108 659 1155 718 sed
1175 658 1209 718 irt

128 761 197 818 aliis
214 759 337 844 celerius
347 806 356 835 ,
376 761 409 818 in
430 760 497 820 aliis
511 761 655 833 tardiusss'
700 762 776 841 Ergo
797 763 829 819 in
849 763 932 821 leuce
950 763 1023 822 Celsi
1042 763 1143 820 eadem
1164 764 1208 820 nl-

132 865 234 923 bitudo
248 864 378 943 pilorum
399 853 430 922 el·
443 866 591 944 depressio
617 866 693 924 cutis
711 867 925 941 observantur,
947 877 1127 944 possuntque
1146 868 1209 943 ejus

129 968 216 1051 signa·
238 969 486 1037 characteristica
506 969 625 1044 baberi3
655 971 842 1048 caeteroquin
859 980 957 1050 patet,
991 971 1106 1028 morbos
1125 971 1211 1029 facilc

131 1095 213 1154 posse
234 1075 394 1134 confundi:
425 1076 544 1134 morbos
566 1062 662 1134 autern
683 1086 790 1133 tratura
811 1098 863 1135 sua
889 1079 977 1154 quam
998 1077 1125 1135 maxime
1144 1095 1212 1132 ase

132 1179 264 1250 invicem
283 1179 420 1254 differre,
443 1178 522 1238 hisce
540 1179 638 1249 verbis
657 1180 771 1238 indicat
787 1182 902 1245 Celsus:
926 1180 1058 1259 (rrllplros
1076 1189 1104 1238 et
1123 1179 1210 1252 Melus

132 1283 165 1339 in
179 1282 357 1360 quibusdam
376 1284 469 1341 variis
489 1283 671 1362 temporibus
694 1294 724 1342 et
739 1287 881 1355 eriuntur
902 1297 932 1344 et
953 1287 1109 1345 desinunt:
1134 1287 1213 1343 Len-

136 1409 182 1460 ce,
215 1409 302 1466 quem
327 1390 502 1466 occupavit,
535 1410 596 1447 non
616 1389 704 1448 sanilo
720 1391 857 1452 dimittit.
902 1393 1006 1468 Priora
1026 1390 1212 1448 curationem

140 1515 198 1551 non
219 1494 423 1553 difficillimam
444 1496 612 1574 recipiunt:
637 1497 775 1554 ultimum
793 1496 845 1553 vix
866 1516 997 1574 unquam
1015 1495 1158 1554 sanescit:
1181 1516 1215 1551 nc

138 1599 161 1657 si
179 1599 252 1676 quid
274 1599 301 1656 ei
318 1599 396 1656 vitio
425 1599 577 1678 demptum
597 1611 658 1674 est,
681 1611 781 1659 tamen
808 1621 869 1657 iton
887 1620 924 1659 ex
943 1611 1005 1659 toto
1024 1621 1112 1658 sanus
1132 1599 1213 1659 color

136 1701 303 1759 redditus*
343 1684 420 1760 'Erat
447 1703 550 1781 itaque
574 1703 623 1762 liic
642 1703 761 1760 morbus
778 1706 933 1782 pertinax,
957 1704 1009 1760 ille
1027 1724 1099 1761 vero
1115 1703 1212 1774 levis,

137 1825 232 1884 neque
260 1806 312 1863 diu
341 1788 469 1880 durans,
501 1827 593 1884 quare
622 1807 714 1866 Moses
734 1807 825 1863 etiam
846 1808 936 1883 probe
954 1807 1034 1863 inter
1052 1815 1212 1880 utrumqne

136 1908 284 1967 distinxit.
308 1909 417 1989 Eadem
436 1909 518 1987 signa
535 1910 715 1988 diagnostica
732 1910 907 1983 briceolis,
922 1909 1059 1977 ,Arabum
1072 1905 1212 1975 medicus,

133 2014 272 2072 adscribit
291 2014 411 2085 morbo,
435 2034 524 2091 quem
542 2015 648 2071 Barros
667 2014 766 2069 albuin
777 2023 873 2072 vocat.
917 2012 1002 2084 llicit·⁴
1014 2011 1097 2089 (llis
1122 2010 1212 2068 ttDis-

134 2121 248 2176 crimen
274 2118 388 2175 obtinet
407 2119 487 2175 inter
503 2118 603 2191 allium
622 2117 753 2194 Alguada
773 2115 903 2197 (alphos)
920 2125 950 2173 et
966 2115 1065 2179 albuni
1086 2115 1210 2188 Barras3

133 2223 165 2280 iu
184 2223 238 2279 illo
261 2221 316 2300 pili
334 2222 368 2278 in
386 2222 450 2279 loco
471 2206 576 2280 {affecto
593 2234 730 2281 crescunt
745 2223 832 2300 nigro
854 2221 902 2278 vel
922 2221 1004 2278 fusco
1020 2220 1137 2278 colore:
1160 2217 1213 2295 qui

134 2326 259 2383 veroin
288 2327 407 2398 Bareas¹
428 2337 579 2399 crescunt,
612 2347 728 2405 semper
756 2338 825 2385 sunt
842 2325 949 2400 albidi,
973 2326 1107 2402 cutisque
1125 2324 1215 2382 sirnul

134 2416 309 2510 depressior,
332 2452 420 2508 quarn
433 2443 547 2490 caetera
556 2454 624 2512 pars
642 2431 774 2511 corporis
786 2430 983 2509 superficiei.'’
1005 2429 1101 2495 Etiam
1115 2429 1213 2489 Sobil-

136 2536 197 2614 ling
218 2536 436 2614 depressionem
455 2538 534 2596 eutis
555 2537 671 2615 signnm
690 2536 901 2613 diagnosticum
922 2533 995 2592 dicit
1016 2532 1100 2614 (libb
1125 2533 1213 2593 Fors-

138 2640 186 2697 kal
212 2641 356 2711 affirmat,
392 2641 497 2698 Barrus
522 2640 621 2699 adhue
648 2641 808 2699 sanabilem
830 2661 909 2716 esse,
932 2640 955 2698 si
974 2640 1028 2719 pili
1047 2640 1126 2717 nigri
1143 2649 1215 2699 sunt

135 2743 167 2801 in
187 2743 262 2802 albis
279 2743 403 2802 maculis
423 2744 503 2823 (lli).
544 2745 628 2803 lluue
649 2745 785 2804 morbum
804 2746 881 2804 doct.
905 2744 1055 2802 Robinson
1074 2745 1104 2801 in
1129 2743 1214 2800 India

137 2844 285 2904 Orientali
303 2844 481 2902 observavit.
522 2845 594 2919 Ejus
614 2848 700 2905 initia
718 2861 790 2906 sunt
809 2850 895 2906 valde
907 2837 1036 2907 ineerta:
1060 2869 1121 2905 una
1139 2848 1215 2903 alte-

137 2972 207 3009 rave
238 2950 354 3006 macula
364 2939 392 3023 ,ᾖ
404 2949 501 3008 colore
527 2960 643 3029 caetera
674 2963 741 3009 cute
758 2953 919 3024 albidiore,
941 2951 1166 3031 circnrrrscripta
1183 2949 1216 3004 iu

129 3038 201 3116 ‘cute
230 3053 349 3133 prodit,
380 3054 554 3132 plerumque
584 3054 617 3110 in
643 3055 778 3113 manibus
807 3056 984 3134 pedibusve,
1007 3055 1057 3112 sed
1073 3053 1217 3133 etiamid

137 3163 209 3221 secie
225 3171 256 3219 et
281 3170 407 3236 trunco:
440 3160 517 3218 entis
537 3180 572 3217 eo
589 3161 653 3218 loco
673 3178 760 3216 sensu
776 3169 821 3216 est
839 3159 995 3231 destituta3
1019 3155 1128 3214 sensim
1146 3174 1214 3212 sen-

137 3265 247 3344 simque
265 3285 318 3343 per
342 3275 491 3323 caeteram·
511 3273 609 3322 cutem
635 3263 754 3321 morbus
776 3263 961 3335 extenditur,
989 3282 1066 3340 quae
1086 3260 1217 3318 ubieun-

138 3392 191 3448 que
221 3383 267 3431 est
287 3373 389 3432 affecta
413 3393 499 3432 sensu
518 3376 643 3433 orbatur
663 3371 740 3450 (47).
782 3370 816 3429 ln
837 3369 894 3428 boc
914 3368 1009 3426 stadio
1027 3367 1148 3425 morbus
1169 3387 1215 3424 sa-

140 3526 330 3541 δυ--ψ-α-μη

167 3619 212 3678 tlt)
229 3622 358 3664 svium.
374 3610 426 3665 art.
440 3621 485 3664 lv.
500 3620 521 3662 a
538 3627 606 3663 traci.
622 3621 643 3664 s.
660 3646 690 3654 -
705 3603 746 3663 ce'
763 3618 896 3662 Prakusehe
916 3616 1065 3672 unsinnig
1083 3616 1122 3659 nr
1143 3616 1216 3658 naus

141 3697 234 3745 krsnkh.
250 3703 307 3744 nach
323 3703 372 3744 dem
387 3703 481 3758 System.
496 3703 532 3743 des
545 3704 588 3744 Dr.
605 3705 709 3747 Wrncsn
724 3714 769 3743 von
791 3703 919 3750 Buranun,
941 3701 1083 3742 liberm-von
1105 3701 1216 3748 Cannas,

141 3781 180 3823 mit
191 3784 352 3826 Anmerk.von
365 3785 469 3826 Baiuras.
485 3784 599 3841 Leipzig,
617 3785 681 3828 1835.
696 3801 719 3841 p.
736 3784 787 3828 353.

169 3860 214 3920 (45)
230 3863 763 3923 11msun,oescnichteaosnbenuunuiscno
779 3867 894 3908 Ausstitze.¹
912 3881 935 3920 p,
950 3863 1001 3908 275.

169 3939 215 4000 (46)
230 3945 299 4000 Apud
313 3943 440 3994 Nissen,
454 3946 583 3991 Bescbreib.
596 3965 641 3991 von
653 3949 760 3992 Arabien.
778 3963 801 4003 p.
821 3936 871 3990 137'.
883 3947 912 3989 *in
925 3955 1003 3990 annot.

169 4018 213 4082 (ll)
231 4028 298 4070 Illam
317 4026 489 4070 insensilitatem
503 4029 570 4071 etiam
584 4030 712 4074 distinxisse
726 4031 782 4074 mibi
796 4030 886 4084 videtur
902 4031 987 4074 enisus
1010 4027 1035 4081 (Ι.
1051 4030 1096 4086 c.):
1122 4029 1219 4072 ‚Utrum
