2754 4710
534 462 798 522 -163--

125 674 137 710 s
158 659 231 709 ante
249 651 365 726 Trojans
386 647 564 727 pugnabant.
600 648 674 704 Cusn
693 665 766 704 vero
783 647 871 706 etiarn
889 648 945 725 illi,
964 651 1032 709 licet
1050 652 1184 711 sacerde-

125 776 141 813 s
173 773 237 813 non
263 752 397 827 inerint,
424 763 524 810 tamen
555 751 821 827 incantationibus,
850 763 883 812 ut
900 765 1082 834 aegrotantes
1098 778 1184 815 sana-

129 868 189 932 nt,
211 857 272 915 sint
289 857 354 929 usi,
388 864 485 935 patet,
510 858 616 936 quanti
636 858 703 932 illo,
726 879 803 936 quae
821 880 874 939 per
905 881 986 920 sacra
1003 873 1032 920 et
1051 863 1187 923 incanta-

125 966 195 1023 ines
223 961 327 1036 fiebat,
379 962 528 1022 medicina
559 962 788 1023 existimaretur.
828 965 907 1039 Quae
936 986 1028 1044 quum
1045 968 1088 1026 ita
1103 967 1184 1044 sint,

125 1080 182 1129 *rte
202 1069 270 1148 quis
286 1068 441 1147 cogitabit,
464 1078 530 1149 post
547 1066 753 1146 Aesculapium
780 1066 857 1125 hanc
870 1068 991 1128 unicam
1008 1069 1089 1129 inter
1106 1073 1186 1130 Deo-

125 1160 168 1232 im
203 1171 317 1231 cultum
343 1178 374 1232 e't
416 1171 595 1232 medicinam
630 1170 777 1229 exstitisse
812 1170 1076 1250 necessitudinem,
1108 1173 1189 1254 quod

125 1277 273 1338 arationes
296 1298 349 1357 per
381 1278 568 1357 mysteriosos
589 1275 665 1335 ritus
682 1274 746 1333 lieri
765 1274 979 1352 credebantur,
1002 1298 1098 1358 neque
1120 1301 1187 1337 aui-

125 1384 182 1442 ius
212 1380 396 1453 sacerdotes,
432 1390 574 1458 vatesqne
597 1381 676 1459 ipsos
710 1379 888 1439 medicinam
905 1382 1087 1442 exercuisse:
1110 1405 1185 1463 qaae

125 1504 175 1545 aro
203 1485 349 1545 sententia
373 1505 432 1542 non
469 1480 676 1564 comprobatur
715 1482 851 1543 historia.
905 1485 979 1544 Nam
1003 1508 1065 1545 non
1091 1489 1186 1548 solnm

125 1588 182 1668 aad
212 1586 376 1647 Homerum
408 1589 444 1647 de
474 1599 556 1666 peste
575 1587 697 1648 Calchas
719 1593 805 1648 rates
823 1592 1046 1666 consulebatur,
1072 1594 1122 1653 sed
1140 1616 1189 1655 re-

125 1691 232 1753 tutiori
262 1693 353 1752 etiam
382 1702 513 1771 ternpore
532 1692 563 1750 in
584 1692 722 1772 gravibus
740 1693 853 1752 morbis
870 1695 906 1752 ab
923 1698 1051 1755 oraculis
1068 1699 1184 1758 auxilia

125 1796 298 1859 elebantur.
338 1797 449 1857 Omnia
477 1798 538 1856 sere
567 1799 718 1878 exempla,
751 1817 826 1875 quae
847 1799 879 1855 in
896 1798 995 1876 primo
1013 1801 1108 1880 capite
1119 1824 1189 1882 par-

125 1924 144 1962 s
174 1898 321 1959 secundae
354 1900 443 1978 hujus
468 1900 684 1961 dissertationis
710 1901 819 1976 citavi,
842 1910 876 1959 ut
891 1890 1044 1980 probarem
1070 1908 1187 1966 morbos

125 2011 243 2065 teorum
264 2023 372 2084 poenas
395 2004 532 2064 habuisse
552 2015 683 2079 veteres,
701 2006 788 2063 simul
806 2005 889 2064 nobis
919 2008 1083 2067 certissima
1101 2032 1190 2089 argu·
1237 2054 1241 2061 ·

125 2102 208 2170 senta
226 2096 384 2188 praebent,
416 2108 522 2188 quibus
540 2098 703 2187 probentur
720 2108 843 2167 oracula
864 2108 979 2167 consuli
1000 2113 1186 2172 consuevisse

126 2214 215 2290 eiis,
246 2204 321 2291 dirae
346 2221 441 2272 essent
460 2211 611 2283 facienda,
635 2221 670 2270 nt
686 2233 703 2267 a
721 2211 861 2291 gravibus
884 2213 948 2271 istis
971 2215 1187 2277 calamitatibus

125 2319 313 2377 iberarentur
331 2315 413 2395 (tl);
437 2325 570 2394 tempore
586 2315 675 2374 etiam
694 2316 765 2372 belli
785 2310 1189 2395 Peloponnesiacioraculum

125 2419 279 2500 lpollinis,
302 2419 381 2498 qnod
404 2418 523 2497 Delphis
542 2427 625 2494 erat,
646 2419 858 2478 consuluerunt
894 2420 1087 2481 Athenienses
1112 2423 1190 2504 (42),

125 2533 145 2580 rt
174 2521 291 2581 tamdiu
319 2521 416 2580 adhuc
442 2543 505 2580 mos
529 2522 581 2579 ille
607 2523 800 2601 perduravit,
834 2533 866 2581 nt
887 2524 1003 2583 Plinius
1028 2547 1080 2583 suo
1100 2528 1190 2584 etiam

125 2646 248 2707 ,empore
274 2625 311 2684 de
338 2626 465 2685 oraculis
484 2627 640 2706 loquatur,
663 2627 808 2704 aquibus
827 2627 1024 2687 multifariam
1043 2630 1192 2689 auxilium

125 2729 280 2791 elebatur.
323 2729 481 2788 Pausanias
508 2738 606 2788 autem
624 2731 807 2789 mentionem
829 2731 899 2788 lacit
919 2732 1010 2789 sontis
1031 2734 1067 2789 ad
1086 2733 1190 2793 sanum

125 2828 230 2892 Cereris
245 2850 338 2911 prope
356 2831 460 2890 urbem
481 2834 582 2892 Patras
601 2835 632 2891 in
653 2832 774 2909 Achaja,
799 2832 847 2890 ubi
865 2843 929 2892 erut
945 2834 1100 2892 oraculum
1110 2837 1192 2894 veri-

125 2933 238 3014 dicum,
260 2935 342 3016 quod
360 2937 397 2995 de
417 2938 587 2996 morborum
609 2937 693 2996 exitu
711 2937 934 3007 consulebatur,
961 2938 1101 3017 quodque
1123 2951 1194 2999 tunc

129 3039 258 3119 emporis
291 3024 426 3118 maguam
451 3040 549 3099 adhuc
578 3017 925 3099 lrabehatauctor·itate1n
946 3038 1022 3120 (²13).
1057 3042 1140 3114 Quod
1158 3042 1194 3099 ad

140 3237 193 3295 (41)
209 3237 301 3281 Incolae
314 3236 378 3277 urbis
393 3234 546 3276 Teuthidisv.
569 3248 589 3276 e.
609 3232 694 3279 oraculi
709 3235 796 3275 monitu
817 3235 963 3276 simulacrum
985 3233 1102 3277 Minervae
1120 3251 1196 3278 erexe-

125 3328 184 3371 ²112,
200 3326 248 3362 uta
256 3325 316 3373 peste
322 3300 475 3360 liberarentur
491 3314 567 3367 (Pius.
584 3315 655 3358 VllI.
665 3315 713 3372 28.)
728 3317 832 3372 Alyattes
840 3318 953 3373 Lydorum
962 3332 1002 3359 rex
1011 3319 1093 3372 legatos
1099 3319 1198 3373 Delphos

125 3392 236 3451 sisium
249 3401 325 3449 sciret,
343 3414 386 3454 qua
400 3399 487 3440 ratione
502 3399 580 3438 morbo
594 3413 634 3438 suo
646 3405 718 3451 posset
736 3399 811 3440 sanari
837 3400 941 3450 (Itanon.
962 3401 1014 3443 Lib.
1032 3401 1052 3440 1.
1070 3414 1090 3442 c.
1109 3402 1144 3444 19.
1165 3403 1196 3443 ci.

125 3477 172 3543 2.)
185 3482 311 3539 'calydonii
329 3482 446 3523 oraculum
460 3481 565 3522 Dodonae
579 3481 755 3527 consuluerunt,
778 3491 847 3532 quum
867 3481 956 3521 vesania
975 3480 1044 3521 multi
1062 3481 1198 3522 laborarent.

125 3560 196 3609 'Aba
208 3565 269 3611 vll.
283 3563 331 3620 21.)
345 3564 477 3619 Eurypylus
489 3563 605 3604 oraculum
614 3561 708 3616 Delphis
716 3561 843 3610 consuluit,
859 3575 928 3615 quarn
936 3562 1045 3603 insaniret
1052 3562 1129 3613 (rsus.
1138 3554 1197 3606 Vll}
1206 3568 1211 3577 “

125 3628 256 3702 ³.).l31ura
264 3646 367 3702 exempla
374 3645 452 3686 addere
460 3658 543 3698 possem
552 3661 557 3686 ι
574 3645 610 3685 scd
619 3649 807 3698 utargumentum
822 3644 941 3696 probetur,
957 3644 1010 3685 haec
1017 3644 1196 3688 sulliooreeredo.

144 3724 201 3781 (ἂῖ)
222 3714 291 3771 Pars.
315 3728 336 3770 Ι.
361 3727 383 3769 b.
405 3726 512 3767 Tnucru.
530 3725 583 3766 Lib.
601 3725 635 3766 11.
653 3737 673 3765 r.
690 3723 727 3765 47.
744 3723 812 3763 Juxta
828 3722 887 3763 bunc
900 3729 1013 3764 auctorem
1025 3730 1100 3765 tamen
1114 3727 1198 3777 oraculi

125 3806 228 3864 Ewanti
241 3808 410 3865 aequaminus,
424 3821 490 3860 qnam
505 3807 619 3847 hominum
632 3805 716 3846 auxilia
730 3801 847 3858 juvabant.
1104 3794 1107 3803 '

149 3887 203 3947 (43)
216 3892 284 3936 Pars.
300 3886 404 3936 v11.2l.
421 3889 456 3929 Ita
469 3886 628 3928 consulebatur
642 3887 771 3928 oraculum:
786 3887 900 3940 speculum
917 3887 979 3928 tenui
992 3887 1096 3929 funiculo
1109 3903 1198 3943 suspen-

125 3966 393 4017 undeuicesimum
407 3967 531 4016 librarius,
546 3972 573 4006 ut
585 3966 608 4007 in
620 3967 682 4010 fonte
695 3967 785 4009 omnino
798 3981 842 4010 non
854 3975 1006 4023 mergeretur,
1021 3969 1057 4010 sed
1072 3970 1116 4010 imo
1128 3970 1201 4010 ambi-

127 4056 152 4085 u
173 4064 273 4098 summam
288 4065 370 4108 aquam
391 4052 534 4106 contingeret.
566 4048 652 4092 Exinde
665 4050 704 4090 nbi
718 4050 792 4090 odores
805 4049 951 4090 adoles-issent
964 4055 987 4090 et
1004 4048 1048 4092 rite
1066 4051 1136 4092 Deam
1148 4064 1200 4106 pre-

1017 4131 1079 4187 ll*
