2754 4710
144 682 220 724 rum
251 664 390 722 viderent
419 663 577 743 aequales,
607 649 667 722 non
693 662 881 736 dubitabant,
911 674 942 724 ot
969 665 1002 726 iu
1029 665 1094 727 aliis
1126 664 1235 725 morbis

145 768 295 826 curandis
311 767 526 848 prophetarum
551 768 701 828 auxilium
718 769 868 830 invocare.
911 768 950 828 Et
977 789 1047 829 curn
1072 768 1238 850 prophetae

144 872 186 942 de
208 871 276 930 aliis
300 872 386 932 rebus
405 871 642 931 vaticinarentur
660 873 759 952 iisque
777 872 923 952 publicis,
948 892 1036 932 nemo
1056 858 1234 950 mirabitur,

144 977 228 1056 apud
248 977 301 1034 hos
322 978 413 1036 etiam
433 978 470 1035 de
488 978 675 1049 morborum,
701 983 832 1057 qnorum
850 977 987 1035 omnium
1000 978 1082 1036 Deus
1093 998 1152 1036 esse
1165 999 1236 1038 auc·

144 1081 198 1140 t'or
218 1080 409 1153 credebatur,
432 1081 517 1140 exitu
536 1080 763 1154 eoss‘ciscitasse,
786 1080 841 1161 qui
860 1080 1022 1164 prophetas
1039 1079 1144 1142 divina
1160 1103 1231 1140 auc-¹

143 1184 269 1242 toritate
287 1183 436 1262 praeditos
454 1205 515 1244 esse
533 1183 670 1244 sciebant.

520 1727 722 1802 CAPUT
753 1728 831 1798 111.

192 1945 243 2017 De
267 1952 531 2025 nectassitudinm
557 1974 649 2038 quac·
666 1960 742 2016 erut
772 1953 862 2015 inter
886 1951 978 2038 leges
1004 1947 1182 2014 Musecros

555 2077 586 2130 et
609 2067 820 2144 medicinam.

507 2224 563 2349 ’.
633 2233 792 2356 ω’

185 2488 352 2566 Antequam
377 2488 416 2548 nd
441 2486 687 2547 necessitudinem
698 2534 707 2564 ,
742 2508 816 2566 quoe
837 2501 901 2548 erat
923 2489 1004 2548 inter
1025 2489 1099 2568 leges
1120 2488 1228 2551 Mosai-

144 2609 190 2650 cas
204 2602 234 2651 et
267 2592 461 2663 medicinam,
495 2586 735 2670 pertractandam
762 2603 930 2672 transeam,
960 2611 977 2652 a
1011 2595 1121 2655 lectore
1138 2595 1228 2656 bene·

145 2697 212 2753 volo
234 2706 320 2775 peto,
356 2716 392 2753 ne
422 2686 539 2766 credat,
564 2716 621 2753 me·
640 2695 716 2775 leges
733 2697 816 2770 illas,
836 2707 990 2776 ,tanquam
1008 2699 1154 2776 medicas,
1177 2722 1226 2758 so-

144 2798 295 2858 lummodo
320 2800 398 2856 banc
429 2794 467 2855 ob
494 2819 626 2856 caussam
645 2799 797 2860 institutas
817 2799 925 2860 habere
935 2848 945 2879 ,
972 2812 1005 2860 ut
1025 2805 1224 2864 Hebraeorum

143 2922 268 2980 corpora
286 2901 402 2978 integra
419 2910 450 2958 et
466 2900 600 2958 salubria·
624 2913 837 2981 servarentur,
858 2905 931 2984 adeo
950 2915 983 2988 ut
1001 2926 1055 2984 per
1070 2904 1224 2984 religionis

143 3007 260 3066 cultum
288 2983 326 3091 ad
353 3004 485 3084 corporis
500 2999 690 3079 firmitatem,
711 3011 742 3063 et
756 3005 913 3066 sanitatem
931 3008 1040 3067 ducere
1056 2997 1222 3086 suum.po-

142 3109 247 3187 pulum
275 3107 409 3167 voluerit
433 3107 557 3184 Jehovc.
601 3106 642 3164 lle
670 3128 771 3167 caussa
797 3127 889 3185 quare
908 3109 1014 3167 divino
1033 3112 1121 3187 jussu
1135 3109 1222 3169 hosce

142 3215 217 3272 ritus
238 3212 406 3289 instituerit
423 3212 522 3283 llloses,
544 3220 578 3269 ut
592 3207 744 3288 judicium
760 3210 860 3270 ierant
870 3256 880 3287 ,
901 3233 970 3270 cum
989 3200 1056 3270 aliis
1076 3210 1225 3271 reitheo-

144 3319 258 3398 logicae·
281 3317 388 3396 peritis
417 3316 605 3395 relinquam,
626 3316 690 3396 ipse
714 3318 924 3376 tantummodo
940 3318 1053 3395 exiis,
1076 3339 1153 3400 quac
1170 3342 1224 3379 nos
1258 3350 1260 3354 ·

143 3442 189 3491 ars
204 3423 320 3482 medica
350 3423 455 3498 docet,
477 3421 647 3500 inquiram,
682 3402 845 3501 quamnam
870 3425 1033 3486 utilitatem
1063 3425 1222 3487 habuerint

144 3527 216 3609 leges
236 3531 400 3617 Moesicae,
421 3529 460 3586 ad
475 3527 634 3586 sanitatem
657 3527 863 3589 Ism'e'litarum
880 3530 1032 3590 tuendam.

491 3691 520 3749 q,
543 3686 589 3750 Dc
609 3688 854 3753 circumcisione.
908 3714 910 3718 ·

183 4015 228 4075 Dc
245 4016 293 4076 his
311 4002 420 4097 itaque
435 4013 545 4096 legibus
566 4032 636 4076 cum
665 4018 720 4078 sim
747 4026 883 4094 acturus,
905 4017 1031 4080 initium
1049 4030 1093 4082 eet
1109 4018 1221 4080 faciut·
