2754 4710
606 453 824 514 —188—

163 613 241 674 tibus
267 613 304 671 arl
321 624 443 673 antrum
466 614 648 674 Chironium
664 615 739 674 dicit
756 611 843 696 (53),
865 611 972 690 quibus
990 611 1164 669 incubantes
1179 606 1230 667 ini·-

115 756 118 763 n
163 719 330 777 tiatioribus
351 729 382 776 et
399 720 578 787 consiliariis
599 720 777 778 utebantur:
801 733 885 795 saepe
907 714 997 772 etiam
1015 713 1144 784 ollicimn
1168 711 1233 772 illud

163 832 227 880 erat
256 822 398 881 traditum
429 822 556 882 aedituis
587 827 632 900 (οἱ
650 827 804 900 νεωκόροι.)
818 823 882 883 sive
897 821 1096 880 sacerdotibus
1115 820 1234 877 inseris-

163 927 204 983 ris
233 925 346 985 ordinis
375 926 460 1004 (ὅθι
493 927 536 985 ita
551 906 727 987 'sacerdotes
759 934 874 1007 semper
899 927 1041 1001 somniis,
1076 911 1138 984 sive
1168 945 1236 1004 quae

163 1049 268 1088 revera
298 1031 410 1108 aegroti
432 1029 616 1106 habuerant,
639 1031 702 1090 sive
722 1050 796 1109 quae
814 1029 949 1088 habuisse
967 1028 1176 1103 crediderunt,
1199 1037 1240 1084 ta·

163 1135 219 1193 lem
239 1135 472 1215 explicationem
489 1137 560 1196 dare
580 1145 734 1215 poterant,
760 1134 857 1212 qualis
872 1155 942 1192 cum
962 1133 1096 1213 ipsorum
1115 1130 1239 1190 consiliis

140 1241 275 1319 ·optinre
292 1242 475 1301 conveniret.
519 1242 658 1321 Denique
677 1241 792 1320 saepius
811 1241 868 1320 ipsi
891 1239 1054 1298 sacerdotes
1070 1258 1126 1315 pro
1147 1258 1241 1314 aegro-

161 1345 200 1402 tis
219 1345 417 1407 somniabant:
440 1345 477 1402 ad
496 1356 617 1418 autrum
639 1346 823 1406 Charonium
845 1345 901 1403 hoc
918 1344 1095 1422 plerumque
1105 1342 1239 1400 accidisse
1255 1420 1259 1430 1

145 1508 147 1513 ,
162 1449 303 1525 videtur,
326 1471 419 1529 quum
440 1451 599 1513 interdum
617 1451 826 1510 tantummodo
839 1449 896 1532 ipsi
906 1446 1157 1526 aegrotipropriis
1167 1466 1241 1503 som-

161 1552 221 1610 niis
248 1530 497 1630 relinquebantur
527 1552 611 1631 (55):
643 1555 734 1612 etiarn
750 1555 929 1633 aedituipro
944 1552 1069 1632 aegrotis
1087 1551 1242 1611 somniasse

163 1641 322 1726 videntur,
359 1656 461 1715 saltem
496 1657 641 1717 Aristides
663 1661 844 1718 montionem
864 1658 934 1721 lacit
953 1655 1107 1732 cujusdam
1136 1654 1242 1713 aeditui

163 1759 367 1839 Philadelphi,
401 1765 453 1839 qui
484 1762 563 1821 idem
594 1774 684 1843 atque
714 1764 778 1844 ipse
796 1763 940 1823 Aristides
957 1761 1243 1840 somnimuhabuis·

162 1877 205 1924 set
236 1865 313 1947 (56).
356 1866 498 1924 Aedituos
525 1867 595 1926 illos
614 1868 795 1939 clarissimus
823 1867 965 1947 Spiongel
989 1867 1106 1926 eosdem
1138 1867 1243 1940 habet,

161 1989 195 2027 ac
218 1969 365 2048 supplices
391 1972 478 2047 (roric
513 1972 623 2044 luitur)
656 1971 741 2052 (biit
762 1973 812 2030 sed
832 1971 1015 2046 dubito,an
1035 1981 1118 2029 recte
1142 1971 1185 2030 ita
1205 1970 1244 2028 se·

162 2074 238 2155 eer'it
264 2077 314 2132 vir
344 2068 546 2152 clarissimus,
568 2076 702 2156 equidem
721 2078 820 2156 potius
844 2096 914 2136 cum
932 2074 1071 2159 schulzio
1089 2072 1158 2154 (58)
1180 2080 1244 2142 rods

163 2185 260 2248 ἱκέτας
290 2180 428 2240 haberem
456 2203 526 2258 eos,
558 2184 612 2264 qni
645 2183 754 2242 auxilii
780 2182 818 2242 ed
839 2184 997 2240 sanitatem
1013 2180 1244 2258 recuperandam

162 2303 263 2343 caussa
294 2283 346 2343 Dei
375 2286 522 2365 templum
559 2296 750 2346 accesserant.
792 2285 952 2344 Pausanias
979 2283 1083 2343 saltem
1101 2287 1170 2352 τούς
1193 2287 1247 2349 tud*
1300 2360 1304 2371 Ι

163 2415 213 2455 τας
240 2386 301 2448 non
319 2390 356 2447 ad
386 2388 557 2468 Aesc‘ulapii
573 2391 726 2449 ministros
749 2389 862 2448 referre
879 2386 1018 2447 videtur:
1039 2387 1140 2446 dehis
1165 2388 1244 2447 enim

161 2492 254 2566 dicit,
285 2512 333 2549 eos
359 2493 473 2552 circum
509 2494 654 2571 templum
684 2492 825 2551 babitare
851 2491 934 2573 ¹(59):
966 2492 1027 2550 illis
1056 2511 1131 2557 uero
1160 2501 1245 2550 erant

161 2595 246 2653 aedes
266 2590 358 2674 prope
374 2596 519 2674 templum
549 2597 729 2673 destinatae,
762 2595 972 2653 tantummodo
995 2604 1031 2652 ut
1058 2595 1098 2652 ibi
1132 2596 1246 2654 dormi-

162 2710 234 2758 rent
267 2699 352 2777 (bill,
384 2698 462 2776 quod
490 2699 630 2758 dormire·
647 2700 711 2758 sive
739 2699 817 2756 illud
843 2700 880 2757 ad
910 2701 1005 2778 ipsam
1024 2700 1245 2758 incubationom

161 2807 200 2863 sit
227 2785 430 2873 referendum,
461 2799 523 2862 sive
555 2803 591 2860 ad
629 2813 746 2878 noctes,
784 2797 856 2882 quas
891 2803 932 2861 ibi
962 2802 1089 2862 durante
1113 2813 1246 2883 tempore

161 2898 357 2986 aegritudinis
387 2906 511 2984 agebant
534 2908 767 2987 (loqeerdeull,
798 2919 877 2968 certe
907 2910 1004 2969 minus
1031 2919 1113 2970 reete
1144 2911 1251 2969 eodem

192 3176 239 3236 (53)
256 3177 356 3220 sinino.
372 3177 389 3220 l.
405 3191 426 3220 c.
448 3172 461 3213 tl
472 3166 669 3234 μυοταγωγοῖς
693 3157 825 3231 δ’ὅμοις,
856 3164 904 3214 καὶ
922 3158 1103 3231 συμβούλοις
1122 3151 1245 3224 instrum

155 3271 291 3342 νχρῶνται
315 3263 352 3337 ὡς
372 3262 407 3320 ἄν
431 3265 575 3340 tuetur>

193 3365 241 3419 (54)
258 3366 368 3407 Aarsrm.
383 3365 448 3405 Orat.
465 3365 528 3407 Sacr.
543 3365 576 3407 11.
591 3380 614 3420 p.
629 3363 681 3407 526.
696 3366 742 3407 111.
757 3378 780 3418 p.
796 3360 848 3404 556.
1013 3417 1017 3425 Ι
1134 3402 1138 3411 ,

194 3447 241 3502 (55)
258 3448 357 3490 sturno.
373 3446 389 3489 1,
405 3462 425 3489 c.
446 3441 459 3481 u
472 3427 504 3482 οἵ
520 3423 671 3502 [ipseipse
695 3429 751 3481 τῶν
768 3423 889 3500 ἱερέων]
913 3426 1105 3502 ἑγκοιμὼνται
1127 3447 1157 3481 τε
1178 3423 1246 3502 iuip

163 3511 275 3579 αὐτῶν,
302 3515 351 3565 καὶ
368 3509 577 3564 διατάττουσιν
595 3510 626 3565 ἐκ
649 3510 705 3564 τῶν
723 3505 842 3582 ὀνείρων
865 3508 915 3570 τὰς
936 3506 1128 3583 θεραπείαςΡ

194 3613 242 3668 (56)
259 3585 448 3656 nmirum-ar.
459 3591 527 3655 ⁴Sacr.
542 3613 576 3653 11.
592 3627 617 3667 p.
633 3610 683 3655 524.
788 3608 836 3666 (57)
853 3611 984 3651 sonarent.
999 3626 1019 3652 α.
1035 3623 1055 3650 c.
1071 3610 1100 3652 Τ.
1117 3611 1136 3655 1.
1153 3625 1176 3664 p.
1193 3609 1244 3653 227.

196 3695 355 3750 (tetecum.
373 3697 434 3740 Hist.
449 3697 509 3738 Med.
523 3698 576 3739 Per.
594 3697 614 3739 1.
629 3697 688 3738 Scct.
704 3696 740 3740 ΙΙ.
754 3705 804 3748 cap.
819 3692 863 3733 tv.
879 3694 891 3747 ᾗ
906 3690 943 3733 31.
965 3691 1002 3733 Cf.
1024 3690 1088 3747 §dil
1123 3692 1244 3734 uAcscula-

165 3780 228 3834 pium
242 3779 372 3821 consulendi
386 3794 449 3821 causa
465 3781 571 3822 adeuntes
587 3758 682 3813 illim
697 3776 861 3821 vocabantur.''
1024 3806 1036 3830 0

195 3860 243 3915 (59)
260 3847 463 3916 ΙΙεριοικοῦσι.
483 3863 551 3903 Pius.
562 3861 596 3903 11.
612 3859 646 3902 ιι,
666 3846 784 3904 coerces
799 3840 931 3896 ἐνταῦθα
941 3841 1000 3896 εἰσι
1016 3842 1065 3894 καί
1085 3834 1244 3907 οἰκήσεις.”

165 3941 234 3986 Pers.
258 3944 288 3985 X.
303 3942 339 3984 32.

195 4023 243 4082 (το)
259 4004 462 4062 Καθειίδοιοι·
477 4029 543 4069 nes.
560 4025 591 4067 n.
610 4023 646 4067 n.
