2754 4710
578 458 619 513 -.
660 424 716 483 ns
759 460 799 470 -

144 598 174 647 et
203 585 350 667 quidem,
377 594 412 643 ut
440 586 484 644 ait
510 584 706 659 scholiastes,
737 587 807 664 quia
835 585 1001 662 Vulcanus,
1030 588 1098 662 vel,
1117 609 1222 647 secun·

142 693 216 751 <lum
234 691 308 750 alios
320 736 330 766 ,
354 690 492 750 Minerva
511 710 615 749 eorum
635 709 721 748 usum
748 708 816 746 eum
835 688 984 772 docuerat.
1025 690 1123 749 Etiam
1145 714 1225 751 mor·

143 798 199 855 bus
217 795 254 852 ab
269 795 393 855 Hercule
412 815 521 853 nomeu
538 793 643 865 habet,
666 792 823 852 comitialis
843 813 950 874 nempe
973 793 1053 875 (72):
1076 798 1224 876 nunquia

145 901 230 959 bunc
264 899 400 958 morbum
430 920 535 958 curare
560 899 717 970 docuerat,
750 896 802 954 sed
827 897 898 974 quia
926 919 995 958 cum
1014 897 1105 959 hocce
1124 901 1226 958 morbo

99 1020 104 1033 ·
145 1014 359 1084 compararunt
386 1004 519 1064 furorem
549 1005 653 1081 illum,
682 1024 743 1082 quo
771 1000 890 1061 affectus
916 1013 960 1062 est
989 1003 1096 1079 heros,
1131 1026 1225 1089 quum

144 1117 257 1168 vestem
295 1108 441 1187 sanguine
476 1110 618 1168 Centauri
648 1107 734 1168 Nessi
760 1108 903 1167 imbutam
914 1154 923 1184 ,
951 1108 1010 1188 ipsi
1035 1131 1053 1167 a
1081 1112 1226 1189 Deianira

144 1232 241 1270 uxore
267 1212 405 1287 missam,
437 1211 597 1288 induissem
629 1223 660 1272 et
692 1213 776 1290 cujus
803 1213 962 1293 descriptio
1000 1215 1058 1294 legi
1095 1225 1227 1274 meretur

144 1315 225 1396 apud
253 1315 427 1394 Sophoclem
460 1317 537 1396 (73).
578 1317 641 1375 Alii
669 1306 745 1376 vero
768 1317 906 1376 morbum
935 1316 978 1377 ita
998 1326 1138 1377 vocatum
1167 1338 1227 1378 esse

145 1420 252 1479 dicunt
262 1464 272 1495 ,
296 1439 357 1477 non
381 1419 452 1498 quia
478 1439 513 1478 eo
533 1419 675 1480 Hercules
692 1430 818 1481 vexatus
836 1419 958 1496 fuerat,
983 1421 1033 1483 sed
1053 1431 1087 1481 ut
1107 1423 1227 1482 nomine
1261 1494 1264 1499 Ι

146 1526 213 1604 ipso
245 1524 340 1582 morbi
368 1525 495 1584 saevitia
519 1506 739 1606 exprimeretur
754 1527 879 1605 ejusque
894 1524 1067 1604 magnitudo
1083 1525 1230 1606 significa-

148 1638 234 1686 retur
262 1628 339 1709 (74).
380 1627 475 1688 Nemo
499 1639 597 1689 autem
618 1631 755 1690 morbum
775 1632 819 1690 ita
837 1650 950 1711 vocans
962 1629 999 1688 de
1022 1629 1148 1692 Hercule
1165 1651 1227 1690 me·

128 1732 218 1827 'dico
233 1732 354 1791 videtur
372 1732 524 1811 cogitasse.

602 1908 770 1938 κ*-

478 2065 790 2121 §morlo
842 2065 902 2120 11.

190 2262 230 2299 DE
261 2259 514 2317 NECESSITVDINE,
553 2260 636 2309 QUAE
666 2259 745 2300 ERAT
779 2258 874 2300 menn
906 2260 1034 2300 Duorum
1063 2260 1190 2301 CULTUM

556 2366 594 2403 ΕΤ
624 2363 817 2405 mmmm.

444 2601 450 2611 ,
542 2522 744 2600 CAPUT
773 2531 809 2598 Ι.

203 2701 335 2765 Medici
361 2711 439 2764 sunt
466 2704 678 2782 sacerdotes,
703 2715 764 2771 aut
792 2708 970 2796 religiosis
992 2710 1115 2788 ritibus
1138 2708 1188 2775 ad

507 2818 698 2884 medendum
725 2830 874 2884 utuntur.

652 3001 667 3078 a
690 3001 737 3062 re.

193 3161 296 3234 Quum
312 3160 412 3238 gravis
432 3162 486 3222 illa
502 3161 611 3242 pestis,
627 3161 665 3220 de
689 3183 750 3242 qua
775 3178 880 3231 narrat
907 3169 1065 3242 Homerus,
1098 3169 1230 3263 Achiuos

157 3287 381 3311 ..ἐι-..σῇ

154 3363 191 3407 cf.
206 3364 276 3407 schol.
289 3365 314 3406 iu
327 3363 351 3406 h.
364 3363 382 3408 l.
402 3363 477 3406 Etiam
498 3359 631 3404 Eustathius
649 3359 699 3414 plus
717 3360 784 3402 semel
803 3361 830 3403 dc
848 3362 934 3405 balneis
952 3364 1072 3408 Herculeis
1090 3365 1194 3422 loquitur
1211 3376 1234 3412 et

155 3457 242 3499 quoque
260 3445 287 3486 ml
307 3444 381 3486 locum
395 3458 423 3486 ex
436 3442 586 3496 Aristophane
598 3442 692 3483 citatum
706 3447 791 3495 spectet
810 3441 933 3494 (Eosrsru.
955 3445 983 3486 ad
995 3445 1025 3488 11.
1044 3446 1075 3489 X.
1093 3461 1128 3491 vs.
1143 3449 1196 3491 444.
1210 3462 1233 3503 p.

156 3526 241 3581 lits).
272 3529 307 3570 De
320 3522 1233 3585 hortisHerculeismentiouemfacitoenomeusepudEosscmu(Pmep.Ercng.

156 3609 209 3651 uio.
223 3598 256 3652 v.
271 3621 293 3651 c.
307 3607 344 3650 22.
365 3621 387 3661 p.
402 3607 474 3662 ern).
881 3643 883 3647 .
964 3648 969 3655 ,

186 3690 234 3744 172)
251 3692 362 3733 Asseros.
382 3691 495 3733 Problem.
510 3689 569 3732 sect.
583 3689 659 3733 XXX.
673 3688 698 3731 in
715 3687 767 3732 init.
781 3689 893 3734 Htrrccn.
908 3690 935 3734 de
947 3693 1019 3735 morb.
1035 3694 1125 3738 mulier.
1140 3695 1192 3739 Lib.
1213 3697 1234 3740 1.

156 3784 179 3825 p.
193 3768 245 3814 593.
261 3771 305 3823 (aa.
320 3770 403 3824 noea).
614 3758 617 3763 '

189 3852 239 3905 (73)
256 3853 364 3895 Soruocr..
379 3851 488 3895 Trachin.
501 3866 537 3895 vs.
557 3851 599 3895 767
614 3865 663 3907 sqq.
684 3850 721 3897 Cf.
735 3855 825 3906 lirum.
838 3854 886 3900 sab.
901 3855 939 3906 34,
952 3856 990 3902 36.

186 3933 235 3990 (⁷4)
251 3933 343 3976 Geren.
361 3934 486 3979 comment.
499 3933 524 3976 in
536 3934 646 3991 Hippucr.
661 3936 728 3991 Epiri.
742 3937 795 3980 Lib.
810 3937 854 3982 Vl.
869 3953 893 3995 p.
909 3938 960 3983 197.
980 3941 1051 3986 clus.
1065 3943 1100 3987 11.
1125 3943 1168 3997 ledi
1190 3945 1235 3989 Ve-

159 4022 205 4058 net.
223 4027 259 4068 ap.
274 4016 354 4058 tuntas
368 4013 455 4070 tersa.
