2754 4710
588 453 806 512 -103-

146 615 192 672 lta
209 612 299 672 etiam
327 613 428 672 Nerito
446 613 580 687 cuidam,
614 615 746 675 nutricio
764 613 915 685 Aristidis,
942 613 1021 672 dixit
1046 615 1138 684 Dens,
1161 615 1232 674 huic

145 727 177 775 et
196 738 261 776 ossa
280 726 341 775 esse
362 716 519 775 exirnenda
550 727 580 776 et
610 738 718 776 nervos
747 717 960 796 imponendos,
992 718 1231 797 qnandoquidem

148 822 196 895 ii,
228 841 303 900 quos
325 820 466 895 haberet,
492 819 668 894 deficereut3
691 842 759 880 cum
790 843 863 882 vero
890 821 1011 882 Neritus
1041 822 1093 880 ille
1115 820 1235 902 magno-

150 945 222 1004 pere
251 934 325 984 esset
354 925 515 1001 sollicitus,
545 924 608 1004 ipse
628 925 706 983 dixit
727 930 824 1001 Deus,
853 949 911 985 nou
928 947 1032 986 revera
1053 948 1160 987 nervos
1180 949 1234 987 noc

146 1051 211 1089 ossa
232 1030 365 1089 exscindi
395 1031 516 1100 debere,
551 1049 656 1087 rernm
690 1030 733 1087 ita
755 1052 858 1110 magna
879 1032 1035 1091 curatione
1055 1054 1129 1111 opus
1150 1054 1230 1108 csso,

148 1145 183 1193 ut
205 1154 261 1210 ea,
284 1155 360 1213 qnae
380 1135 502 1193 haberet
522 1134 690 1209 Aristides,
713 1136 799 1214 quasi
820 1137 853 1194 in
872 1137 931 1196 alia
961 1138 1074 1196 mutari
1094 1138 1233 1198 videreu-

149 1251 202 1299 tur
212 1237 291 1322 (74).
312 1239 523 1299 Medicamenta
533 1238 634 1316 qualia
643 1237 767 1313 inerint,
784 1239 935 1318 imprimis
955 1260 994 1298 ex
1016 1240 1155 1299 Aristidis
1164 1262 1233 1300 ora-

149 1342 280 1405 tionibus
290 1343 448 1427 docemur,
459 1342 517 1422 qai
529 1342 631 1400 multis
641 1331 878 1419 verbisenarrat,
901 1365 976 1422 quae
986 1344 1063 1402 mira
1079 1345 1112 1402 in
1132 1345 1232 1423 ipsu-m

151 1449 309 1529 perfecerit
339 1453 419 1509 Deus
450 1446 651 1526 Aesculapius.
705 1445 763 1520 Ea,
795 1467 871 1526 qnae
901 1447 972 1507 huic
1000 1449 1070 1507 viro
1091 1451 1236 1528 praesori-

147 1557 309 1626 bebantur,
334 1555 514 1634 plerumque
544 1553 668 1612 suerunt
692 1551 840 1628 ejusmodi
860 1551 991 1630 generis,
1016 1561 1047 1610 ut
1068 1552 1236 1611 sanationes

147 1659 332 1741 potissimum
354 1667 481 1716 uatrnue
499 1654 699 1716 medicatricis
718 1674 774 1734 ope
794 1664 929 1732 peractae
950 1655 1121 1715 videantur.
1142 1657 1236 1716 Acce-

148 1766 194 1844 pit
214 1785 246 1822 v.
266 1784 293 1822 c.
314 1762 457 1822 Aristides
488 1769 717 1840 purgamentum
739 1779 775 1818 ex
801 1760 869 1818 uvis
891 1759 1000 1837 passis,
1029 1759 1235 1840 similibusque

150 1866 347 1946 compositum
370 1862 456 1946 (75),
486 1875 517 1922 et
546 1865 659 1920 amicus
679 1862 745 1939 ejus
766 1862 902 1921 Zosimus
923 1872 1039 1941 practer
1060 1884 1141 1942 spem
1162 1885 1235 1924 cou-

148 1970 279 2030 valnisse
299 1969 471 2041 dicebatur,
494 1966 610 2045 ptisana
638 1974 669 2023 et
691 1965 772 2023 lente
793 1975 934 2044 purgatus
956 1964 1032 2045 (76).
1077 1966 1234 2025 Interdum

149 2085 253 2150 tamen
284 2072 376 2151 magis
405 2070 522 2130 activae
555 2080 642 2129 erant
671 2079 794 2144 naturae
815 2068 961 2127 remedia:
984 2071 1027 2128 sic
1049 2071 1134 2128 Deus
1150 2070 1237 2130 Aris-

146 2177 242 2237 tidem
262 2176 351 2254 jussit
369 2173 554 2233 absinthium
576 2195 642 2233 cum
665 2183 746 2232 aceto
771 2174 869 2232 bibere
891 2173 975 2254 (77);
998 2175 1079 2254 qrrod
1099 2197 1237 2236 amarum

125 2279 316 2348 ,remedium
347 2285 427 2337 certe
456 2297 517 2336 non
544 2277 582 2334 ad
602 2296 637 2334 ea
657 2277 804 2356 pertinet,
829 2297 903 2355 quae
925 2277 1005 2336 nihil
1024 2278 1154 2353 saciant,
1183 2300 1237 2340 ve-

146 2405 219 2444 ram
230 2393 335 2442 utrum
354 2390 453 2448 recte,
476 2401 514 2439 an
537 2380 614 2438 male
632 2380 726 2439 luserit
745 2381 974 2459 praescriptum,
989 2402 1050 2439 non
1070 2381 1238 2458 dijudicare

147 2487 263 2560 auum,
293 2506 362 2544 curn
390 2504 492 2543 omnes
517 2485 666 2542 orationes
694 2483 833 2543 Aristidis
862 2484 934 2542 adeo
959 2485 1115 2546 inanilesta
1143 2487 1236 2547 docn-

144 2599 254 2669 ,menta
279 2588 511 2669 exaggerationis
530 2589 693 2667 praebeant
711 2599 768 2664 ,nt
782 2589 820 2646 de
841 2609 914 2647 vera
931 2589 1032 2648 indole
1047 2591 1142 2650 morbi
1159 2592 1237 2651 diffi-

143 2695 210 2758 cile
236 2694 277 2756 sit
306 2692 422 2771 aliquid
449 2692 664 2771 pronuntiare,
688 2696 918 2775 quammaxime
934 2697 1015 2755 enim
1037 2698 1238 2758 oblectabatur

124 2811 127 2816 ’
152 2800 299 2863 Aristides
322 2801 358 2859 de
377 2799 614 2878 aegritudinibus
639 2801 800 2872 disserere,
819 2821 926 2878 easque
942 2821 1045 2860 omnes
1063 2803 1238 2882 siugulatim

150 2913 344 2985 eriamerare,
368 2915 403 2966 ut
421 2917 451 2965 et
471 2906 658 2985 fatigationes
682 2915 714 2963 et
731 2904 859 2980 itinera,
881 2925 956 2982 qnae
971 2922 1126 2984 perpessus
1155 2917 1235 2983 erat,

151 3010 313 3092 'etquibus
333 3009 399 3068 illas
426 3009 584 3088 adscripsit
608 3008 686 3087 (78).
727 3006 852 3064 Videtur
874 3006 908 3063 in
939 3026 1007 3065 casu
1029 3007 1099 3079 illo,
1124 3009 1240 3089 inquo

150 3112 337 3175 absinthium
347 3112 405 3171 suit
415 3113 650 3193 praescriptum,
668 3110 813 3167 laborasse
820 3108 939 3167 difficili
949 3109 1145 3188 respiratione
1154 3114 1237 3192 (79);

144 3219 189 3288 ‚de
209 3230 310 3302 caussa
334 3236 420 3290 vero,
443 3238 459 3276 e
481 3239 543 3298 qua
566 3215 710 3296 pendebat
739 3216 792 3273 illa
810 3213 940 3274 difficilis
962 3214 1138 3292 respiratio,
1160 3217 1240 3276 nihil

145 3331 280 3398 ,masna
322 3321 519 3398 Diaetoticam
547 3343 651 3380 curam
682 3343 743 3380 non
780 3321 941 3400 neglexisse
972 3319 1117 3380 videntur
1140 3343 1239 3381 sacer·

143 3425 242 3508 dotesv
255 3422 339 3504 (80),
363 3424 444 3504 quod
468 3425 560 3484 etiam
580 3433 662 3503 patet
679 3445 717 3483 ex
734 3444 769 3482 eo
778 3471 788 3501 ,
817 3424 897 3503 qnod
921 3423 1080 3483 Aristidem
1098 3427 1238 3485 catarrho

152 3532 340 3590 laborantem
370 3531 532 3609 jusserint,
560 3551 668 3608 aquarn
693 3530 796 3589 bibere
821 3539 851 3589 et
879 3529 953 3588 vino
982 3531 1129 3590 abstinere
1161 3533 1238 3613 (81).

154 3638 265 3708 Porro,
298 3634 549 3713 quemadmodum
577 3653 681 3712 magna
711 3653 776 3710 pars
812 3633 912 3705 illins,
951 3643 1027 3712 qna'e
1053 3634 1087 3690 in
1121 3636 1241 3716 ternplis

186 3817 236 3875 (⁷4.)
252 3792 363 3859 numa
378 3816 443 3857 our.
461 3814 523 3857 ster.
540 3812 586 3856 ιιι,
602 3826 623 3866 p.
639 3811 690 3855 552.
897 3809 944 3864 ns)
962 3810 1021 3853 surr.
1038 3812 1079 3855 or.
1095 3814 1128 3856 11.
1153 3830 1175 3869 p.
1190 3813 1242 3858 515.

180 3896 235 3954 rra)
251 3898 310 3943 run.
325 3899 366 3943 or.
382 3899 403 3942 1.
419 3912 442 3952 p.
458 3894 509 3940 sos.
894 3892 941 3946 (u)
959 3893 1017 3935 rua.
1033 3895 1074 3937 or.
1091 3897 1124 3938 u.
1148 3911 1171 3950 p.
1187 3895 1240 3941 sar.

185 3980 235 4032 (rs)
252 3979 311 4022 run.
324 3980 365 4023 or.
381 3980 414 4022 ιι.
432 3993 455 4033 p.
472 3975 523 4020 535.
544 3992 594 4032 sqq.
891 3974 938 4029 ns)
956 3975 1014 4018 nna
1030 3993 1053 4034 p.
1071 3977 1122 4020 sn.

188 4060 237 4117 (sn)
256 4059 316 4104 run.
331 4062 426 4108 carr.
443 4076 466 4117 p.
483 4060 534 4105 572.
719 4106 722 4113 ,
889 4054 937 4112 tal)
954 4057 1013 4101 rna
1029 4061 1070 4101 rr.
1087 4061 1135 4102 nr.
1152 4076 1174 4116 p.
1190 4059 1242 4106 ssu.

1085 4144 1119 4202 13
