2754 4710
594 452 795 514 ..35..

161 631 231 669 nam
253 613 520 673 convalescentiam
531 615 703 674 muneribus
721 614 871 694 fungendo
886 614 947 673 sint
963 636 1058 694 pares.
1104 620 1140 678 In
1162 629 1250 678 utro-

158 733 217 794 que
237 717 333 796 igitur
352 740 420 778 casu
440 739 501 779 non
519 720 580 778 nisi
597 741 651 800 per
669 719 779 778 miram
803 719 938 777 divinam
959 721 1024 778 vini
1045 742 1099 781 rex
1122 723 1249 783 lethali·

156 833 203 880 ter
222 832 375 902 aegrotans
396 824 478 884 intra
495 823 632 883 triduum
648 823 692 881 ita
705 824 909 882 convalescere
919 825 1018 902 potuit
1026 870 1036 901 ,
1049 838 1092 887 ,ut
1110 826 1154 884 ad'
1168 836 1247 886 tem-

155 926 239 1004 plum
255 910 463 999 adscenderet:
487 950 580 1010 qnare
596 938 626 986 et
644 926 800 986 Reinhard
810 929 920 987 merito
939 928 1033 1001 dixit,
1059 928 1141 988 hanc
1156 952 1245 991 sana·

154 1029 266 1101 tionem
289 1054 307 1090 a
328 1035 394 1092 Deo
412 1033 525 1092 mirum
546 1034 580 1091 in
606 1033 729 1092 modum
750 1053 811 1093 esse
834 1034 996 1112 perfectam
1014 1033 1102 1113 (12),
1122 1044 1157 1094 et
1176 1037 1244 1095 Hie-

151 1157 300 1216 ronymns
318 1138 432 1199 Bardus
451 1138 519 1220 (13)
539 1159 605 1197 eam
632 1139 744 1217 partim
762 1139 949 1213 naturalem,
974 1140 1084 1219 partim
1107 1150 1244 1219 praeter..

152 1242 322 1300 naturalem
339 1241 473 1302 vocavit.
516 1241 699 1321 Rogantibus
714 1244 832 1319 autem,
856 1263 968 1322 quare,
992 1243 1021 1302 si
1041 1246 1161 1303 sanatio
1177 1245 1243 1303 sue-

151 1344 194 1401 rit
211 1344 357 1420 mirifica,
379 1345 413 1403 in
433 1344 529 1404 altero
549 1367 618 1404 casu
637 1345 769 1406 Elisaeus
786 1346 889 1406 balnea
912 1349 946 1405 in
966 1347 1117 1426 Jordano,
1139 1350 1175 1410 in
1198 1352 1242 1408 al-

153 1461 219 1506 tero
238 1448 351 1528 Esayas
367 1450 596 1529 applicationem
612 1451 831 1530 cataplasmatis
848 1452 957 1509 ficuum
975 1453 1099 1528 jusserit
1116 1454 1239 1512 adhibe-

152 1574 203 1628 re,
224 1553 288 1632 ipse
308 1575 413 1634 rogans
433 1554 639 1634 responderem
650 1600 658 1629 ,
680 1576 774 1634 quare
790 1556 984 1632 etChristus,
1005 1577 1098 1635 quum
1117 1578 1234 1618 coecum

151 1669 270 1718 sanaret
282 1701 292 1736 ,
315 1660 378 1737 ejus
399 1661 491 1720 oculis
511 1661 609 1718 lutum
631 1659 764 1718 illeverit
786 1660 869 1742 (doh.
891 1661 941 1721 IX:
964 1661 1024 1731 bl?

642 1869 656 1945 l
684 1872 730 1932 18.

190 2082 293 2160 ltaque
318 2083 596 2156 emanationibus,
624 2101 698 2161 quas
715 2101 734 2138 a
752 2078 907 2159 prophetis
930 2072 1064 2160 peractas
1086 2081 1225 2159 legimus,

149 2204 211 2246 non
231 2186 408 2245 concludere
426 2187 514 2254 licet.
537 2205 586 2243 eos
602 2183 681 2262 apud
702 2185 845 2245 Hebraeos
867 2185 1046 2246 medicinam
1072 2189 1228 2265 practicam

147 2291 354 2370 egisse;.qnod
374 2293 400 2351 si
421 2293 518 2351 facere
536 2288 701 2359 vellemus,
723 2309 839 2348 neccsse
856 2300 953 2367 esset,
977 2301 1012 2350 ut
1032 2292 1143 2351 multos
1163 2292 1231 2370 llip·

147 2404 281 2471 pocrates
303 2396 383 2477 apud
409 2393 558 2453 Israelitas
586 2393 733 2452 exstitisse
757 2394 954 2454 crederemus.
996 2397 1054 2457 Sed
1082 2418 1122 2456 an
1150 2397 1228 2455 nulla

145 2498 240 2576 igitur
257 2499 439 2558 necessitudo
454 2500 535 2557 inter
551 2497 712 2576 prophetas
725 2508 759 2556 et
775 2499 960 2559 medicinam·
975 2500 1117 2559 exstitit?
1160 2500 1227 2558 Tale

146 2603 219 2681 quid
236 2597 384 2662 'affirmare
403 2624 456 2680 ego
477 2623 538 2661 non
554 2602 663 2660 ausim.
692 2603 733 2660 tte
751 2604 837 2663 exitu
853 2605 1026 2663 morborum
1045 2617 1148 2664 antem
1166 2625 1225 2664 sac·

146 2707 266 2787 pissime
285 2709 539 2782 consulebantur,
561 2708 607 2765 uti
628 2705 761 2768 Elisaeus
784 2709 820 2766 de
847 2708 998 2768 Benadadi
1019 2709 1125 2787 Syriae
1154 2709 1224 2789 regis

87 2798 92 2807 Χ
146 2814 241 2872 morbi
252 2814 302 2896 (ll.
325 2815 396 2894 Reg.
416 2814 528 2876 v11128
548 2811 629 2900 sqq.)
645 2811 731 2868 exitu
747 2812 968 2886 consulebatur,
987 2822 1018 2871 et
1037 2816 1224 2891 quarcetiarn

145 2917 256 2996 Esoyas
272 2919 311 2977 ad
335 2939 433 2998 regem
459 2917 618 2977 Ezechiam
641 2927 843 2996 aegrotantem
869 2919 986 2977 venisse
1007 2918 1084 2977 mihi
1102 2921 1227 2997 videtur.

145 3023 201 3081 Sed
221 3023 312 3081 etiam
333 3021 371 3080 de
391 3022 462 3081 belli
480 3021 565 3081 exitu
583 3042 644 3080 non
663 3041 732 3080 raro
751 3022 997 3080 consulebantur:
1021 3043 1109 3082 nemo
1129 3033 1225 3083 tamen

144 3125 241 3198 dicet,
266 3146 315 3185 eos
334 3146 399 3186 rem
416 3126 580 3185 militarem
597 3125 774 3184 exercuisse.
815 3126 919 3204 Itaque
948 3127 1133 3186 necessitudo
1161 3147 1226 3207 pro-

143 3229 248 3307 pbetas
264 3231 346 3290 inter
365 3241 396 3289 et
416 3230 592 3289 medicinam
613 3237 679 3287 erat
695 3229 777 3300 talis,
802 3225 899 3308 qualis
932 3250 971 3289 ex
991 3229 1098 3288 divino
1125 3248 1224 3288 eorum

142 3353 265 3392 munere
283 3335 445 3394 necessarie
464 3334 651 3414 sequebatur.
692 3332 757 3391 Hoc
780 3353 905 3392 munere
923 3333 1020 3392 suncti
1045 3332 1149 3412 impiis
1171 3333 1225 3392 bo-

142 3435 273 3494 minibus
295 3438 413 3496 morbos
440 3437 658 3499 annuntiabant
684 3438 721 3519 (l.
746 3440 817 3518 Reg.
841 3439 922 3498 Xlll:
951 3440 970 3498 lt
997 3438 1101 3520 sqq.),
1133 3441 1180 3500 uti
1198 3446 1224 3497 et

140 3538 214 3596 alias
234 3539 406 3600 indicebant
425 3541 618 3601 calamitates.
663 3543 719 3603 Sed
748 3545 840 3602 iidem
871 3544 987 3604 morbos
1006 3545 1153 3606 immissos
1174 3547 1221 3605 Je·

141 3642 252 3701 hovam
271 3644 421 3724 deprecati
439 3644 593 3706 tollebant.
637 3646 719 3719 Quos
747 3647 871 3706 mirilico
899 3670 917 3706 a
944 3648 1097 3728 prophetis
1129 3645 1222 3709 sanari

170 3907 218 3967 (tt,
235 3888 361 3952 llurrnsno
373 3943 379 3961 ,
392 3911 615 3954 Bibelkranlrlreitcn.
633 3912 662 3954 T.
677 3913 697 3954 Ι.
712 3927 734 3967 p.
751 3911 802 3954 268.
818 3927 866 3967 sqq.

172 3992 218 4048 (13)
237 3991 342 4035 Medicis.
359 3993 447 4034 l'atlrol.
465 3994 533 4035 Polit.
552 3997 563 4048 p
581 3993 601 4033 7.
619 3999 663 4032 art.
680 3994 701 4035 3.
