2754 4710
645 463 866 519 -112-

223 620 397 698 baberetur,
430 621 500 679 adeo
523 632 555 679 ut
581 642 651 701 prae
670 622 792 680 caeteris
813 622 949 680 omnibus
965 620 1081 680 homini
1098 630 1176 680 esset
1192 623 1302 682 saluti-

222 727 301 802 fera,
329 728 451 805 ejusque
482 746 571 785 cinae
601 727 701 784 omnia
724 735 822 784 essent
848 725 957 784 tradita
969 770 978 799 ‚
1004 725 1108 804 quibus
1126 727 1195 786 ruri
1218 728 1300 786 etin

223 831 313 906 urbe,
344 832 377 889 in
398 832 473 890 bello
495 841 524 889 et
546 831 578 889 in
597 851 686 910 pace,
711 831 793 889 domi
812 840 842 889 et
858 831 932 889 toris
950 830 1118 909 indigebant
1136 833 1297 904 mortales,

223 935 388 1013 quibusque
405 956 472 994 cum
494 933 670 1005 civitatum·
690 943 755 992 tum
772 934 981 1005 familiarum,
1003 956 1072 994 cum
1098 954 1219 1014 regum,
1233 945 1302 995 tum

219 1039 353 1110 civium,
389 1059 458 1098 curn
485 1039 661 1117 sapientum,
686 1047 749 1095 tum
776 1036 854 1115 vulgi
875 1047 972 1108 reset
993 1037 1129 1096 fortunae
1160 1039 1304 1098 niteban-

224 1151 275 1199 tur
288 1140 365 1222 (38),
390 1142 578 1199 mirationem
593 1137 690 1199 facere
708 1139 830 1218 nequit,
856 1138 933 1198 hanc
953 1143 1046 1198 Deam
1064 1139 1155 1199 etiam
1174 1143 1305 1202 sanitati

156 1308 158 1312 Α
223 1247 380 1304 salutarem
411 1266 428 1302 a
455 1244 605 1302 veteribus
633 1260 693 1302 esse
722 1242 852 1323 habitam
863 1289 872 1317 ,
905 1262 1030 1322 eamque
1058 1243 1138 1323 apud
1169 1245 1306 1327 Oropios

222 1359 365 1427 tanquam
386 1347 532 1407 Palladem
554 1349 712 1406 Paeoniam
730 1345 797 1424 (39)
813 1356 842 1404 et
858 1347 935 1426 apud
949 1347 1305 1428 Atheniensestanquam

227 1451 373 1511 Palladem
404 1451 542 1528 llygieam
570 1449 720 1508 adoratam
746 1470 807 1509 esse
834 1449 917 1530 (lO):
938 1451 1094 1535 Elaeorum
1111 1461 1219 1511 autem
1238 1453 1304 1512 foe-

226 1555 347 1628 minae,
363 1574 453 1631 quum
473 1552 545 1610 huic
568 1553 644 1610 Deae
659 1562 730 1610 vota
749 1554 902 1630 fecissent,
929 1556 953 1614 si
972 1557 1106 1634 gravidae
1129 1556 1304 1636 ati-primos

224 1659 363 1714 virorum
390 1658 558 1733 congressus
584 1653 706 1728 fierent,
732 1656 801 1715 dein
837 1659 1011 1739 cognomine
1040 1660 1141 1719 Matris
1166 1660 1197 1718 ei
1225 1668 1305 1727 tern-

223 1759 308 1839 plum
334 1757 473 1816 dicarunt
490 1756 569 1837 (bl).
611 1762 725 1819 Nomen
755 1759 882 1839 Hygieae
905 1761 983 1840 apud
1000 1761 1198 1822 Athenienses
1217 1784 1304 1824 acca-

223 1865 299 1943 pisse
327 1863 462 1922 Minerva
477 1861 598 1919 videtur
619 1870 752 1940 ternpore
775 1863 913 1939 Periclis,
929 1886 1023 1945 quum
1039 1866 1140 1943 opifex
1159 1867 1299 1946 quidam,

222 1969 260 2026 de
272 1967 466 2027 parthenonis
487 1976 564 2024 tecto
580 1964 724 2044 delapsus,
740 1965 784 2023 ita
805 1969 935 2044 graviter
954 1978 1028 2026 esset
1045 1968 1227 2028 vulneratus
1236 2017 1246 2047 ‚
1267 1983 1301 2029 ut

226 2072 263 2129 <le
288 2071 352 2148 ejus
375 2070 471 2129 salute
498 2069 689 2147 desperarent
716 2068 843 2144 medici,
874 2071 1007 2130 llinerva
1032 2091 1102 2129 vero
1126 2072 1160 2130 in
1181 2073 1304 2131 somnio

227 2194 287 2233 sese
320 2173 428 2233 Pericli
464 2172 636 2242 obtulisset,
677 2171 765 2248 eique
799 2173 976 2233 medicinam
1003 2175 1181 2250 indicasset,
1216 2177 1305 2254 cuj'us

227 2298 281 2357 ope
301 2277 384 2335 brevi
403 2286 559 2335 sanaretur
578 2274 654 2356 (42).
698 2273 781 2344 Quae
802 2275 873 2343 licet
891 2277 935 2336 ita
950 2278 1025 2350 sint,
1040 2279 1177 2337 assentiri
1198 2289 1303 2339 tamen

226 2374 343 2456 nequeo
368 2379 438 2436 viro
465 2378 628 2436 clarissimo
651 2378 790 2455 Sprengel
822 2378 948 2452 dicenti,
969 2363 1125 2442 Minervae
1148 2381 1305 2462 imprimis

226 2481 391 2540 oculorum·
407 2481 578 2538 morborum
606 2482 771 2538 sanationes
802 2481 965 2561 adscriptas
993 2485 1102 2561 fuisse,
1125 2486 1236 2564 reique
1254 2509 1307 2547 ar-

226 2592 401 2664 gumentum
426 2581 538 2662 petenti
558 2603 596 2642 ex
617 2583 838 2661 cognominibus
857 2585 1102 2663 Ophtbalmitidis
1111 2598 1143 2647 et
1158 2588 1309 2669 Optiletis

226 2696 259 2745 et
279 2685 474 2764 Perspicacis,
494 2683 620 2763 ,quibus
634 2683 686 2742 hic
707 2695 737 2744 et
758 2687 822 2747 illic
842 2689 991 2751 colebatur
1011 2691 1088 2772 (²13).
1130 2694 1208 2752 Nam
1228 2696 1307 2755 eiad

227 2791 394 2852 occasiones
409 2789 613 2867 attendamus,
636 2790 744 2870 quibus
775 2790 847 2850 haec
876 2793 911 2851 ab
937 2793 1022 2851 oculo
1045 2793 1167 2853 nomina
1187 2800 1311 2883 accepit

228 2896 381 2967 Minerva,
395 2895 482 2954 facile
495 2905 627 2974 apparet,
637 2895 674 2953 de
692 2895 843 2953 oculorum
855 2895 1058 2956 affectionibus
1068 2916 1129 2955 non
1144 2917 1208 2956 esse
1226 2901 1310 2978 cogi-

224 2997 1309 3080 tandum.Lycurgus,legislatorSpartae‚Minervanphthalmitiditem-

229 3105 313 3185 plum
329 3101 443 3163 dicavit
449 3126 457 3180 3
468 3125 563 3183 quum
585 3103 731 3163 Alcander
746 3101 866 3181 quidam
883 3102 1013 3177 scilicet,
1032 3102 1082 3162 cui
1099 3102 1208 3163 abillo
1225 3106 1308 3164 latae

226 3208 302 3287 leges
319 3228 380 3267 non
398 3206 568 3285 placebant,
591 3205 620 3264 ei
640 3205 758 3264 oculum
777 3204 966 3275 excussisset,
989 3205 1022 3263 in
1041 3203 1142 3262 vicum
1159 3205 1307 3267 vicinum

227 3310 400 3388 confugerat
427 3309 600 3387 Lycurgum
630 3307 680 3365 ubi
710 3305 1005 3365 Lacedaemoniorum
1035 3326 1179 3365 concursu
1200 3329 1310 3371 serva.

229 3437 503 3456 -n——mv--u-—n¹

257 3508 305 3563 (38)
321 3508 349 3550 Ρ.
364 3521 388 3550 r.
402 3508 514 3548 Lrusuno
533 3507 652 3548 Buouwan
661 3532 669 3552 ‚
681 3503 699 3545 1.
714 3517 734 3545 c.
749 3517 771 3558 p.
785 3501 910 3548 313-315.
924 3506 1015 3551 &sunm
1027 3505 1045 3546 l.
1059 3519 1079 3548 c.
1094 3516 1123 3559 pt,
1133 3503 1177 3546 336
1191 3518 1228 3559 sq.

258 3586 306 3642 (39)
322 3589 390 3648 Paos.
407 3588 428 3630 Ι.
444 3601 464 3631 c.
479 3586 516 3629 34.
591 3583 640 3641 (40)
655 3584 688 3626 ld.
701 3584 721 3625 1.
737 3597 756 3626 c.
773 3582 809 3625 23.
824 3599 844 3627 c.
860 3584 895 3626 31.
910 3583 1182 3627 casanatenomt.
1198 3584 1304 3640 1.p.25‚

222 3695 225 3699 ·
260 3669 308 3725 (41)
323 3671 391 3712 Psns.
407 3670 438 3714 V.
454 3683 474 3712 c.
489 3668 511 3711 3.

260 3753 308 3810 (42)
324 3756 457 3798 Pnussncn.
477 3749 703 3797 vit.Pericl.c.13.
725 3764 749 3804 p.
765 3747 816 3794 loo.
846 3749 881 3789 De
898 3746 976 3802 planta
996 3746 1129 3795 Parthenio,
1150 3760 1195 3800 qua
1217 3753 1310 3794 anati„

226 3839 281 3880 baec
296 3836 357 3878 sacta
368 3835 438 3877 fuisse
454 3835 595 3884 credebatur,
609 3832 640 3875 cf.
654 3833 787 3880 Pnursneu.
803 3828 874 3885 sylla,
890 3842 913 3883 p.
935 3827 988 3871 460.
1003 3828 1071 3871 Pus.
1087 3827 1226 3874 Bisaltas.
1249 3832 1305 3876 Lib.

227 3921 308 3964 xxn.
328 3933 348 3961 c.
370 3919 405 3960 17.

261 4002 308 4057 (43)
325 4002 446 4044 sisaran
454 4030 461 4050 ,
474 4002 564 4056 Pragm.
579 3997 659 4042 Gesch.
674 3997 713 4039 der
725 3996 839 4052 Araneyk.
855 3993 884 4037 Τ.
901 3994 923 4037 1.
939 4007 961 4048 p.
980 3991 1029 4035 175.
1046 3992 1089 4046 (ed.
1112 3990 1196 4046 nat).
