2754 4710
655 425 855 481 ..32-

217 603 345 664 quarum
365 581 480 661 rapidos
499 583 639 660 martires.
683 584 811 647 Naturae
833 585 995 643 sullurosae
1017 604 1164 665 aquarum
1190 586 1300 644 Jorda-

217 691 249 748 ni
270 688 454 747 sanationem
476 687 636 747 Naamauis
663 687 805 747 adscribit
823 687 954 765 Alibert3
977 690 1010 747 iu
1031 688 1131 748 hocce·
1146 690 1255 748 morbo
1265 711 1298 749 e·

216 793 280 850 nim
299 792 459 870 imprimis'
472 791 575 866 balnea
598 790 917 866 sullurosa·juvarunt
938 792 1015 873 (92).
1058 792 1176 852 Alibert
1193 803 1299 853 tamen

217 898 374 956 mirificam
391 896 480 955 fuisse
497 896 680 954 sanationem
704 895 865 955 Naamanis
877 916 986 974 negare
1005 896 1066 954 nori
1083 896 1206 963 videtur
1218 897 1300 978 (93).

216 1001 256 1060 Et
279 1012 379 1060 nostro
401 1001 491 1058 etiam
511 1011 645 1079 tempore
657 999 771 1058 flumen
788 999 951 1060 Jordauurn
963 1002 1026 1059 vim
1043 1002 1214 1080 specificam
1226 1022 1301 1062 con·

217 1117 264 1164 tra
279 1107 392 1185 lepram
427 1104 552 1179 habere,
584 1096 655 1162 sunt
677 1103 730 1181 qui
749 1100 855 1161 dicunt
877 1106 959 1184 (94]3
981 1105 1053 1163 adeo
1071 1114 1105 1163 ut
1125 1105 1208 1165 locus
1228 1108 1302 1186 qm:

212 1213 282 1297 dam
301 1213 337 1270 ad
353 1213 516 1290 Jordanurn
531 1209 654 1287 leprosis
670 1219 744 1267 esset
759 1208 937 1283 destinatus,
961 1209 1012 1286 ubi
1023 1229 1053 1267 se
1062 1209 1199 1268 lavarent
1216 1209 1297 1289 (95).

217 1314 478 1395 Videruusigitur
498 1327 632 1375 auctores
653 1292 759 1392 citatos
788 1312 850 1395 vim
872 1312 1036 1390 specificam
1061 1323 1167 1372 coritra
1183 1315 1298 1392 lepram
1326 1326 1331 1337 ’

216 1425 303 1504 aquis
314 1424 438 1501 Jorduni
454 1422 612 1493 tribuisse,
637 1421 738 1479 sedin
756 1417 922 1478 contrarias
941 1410 1039 1494 piantes
1058 1418 1179 1491 abiisse,
1200 1440 1297 1497 quum

217 1527 253 1585 de
277 1535 386 1593 natura
412 1525 502 1600 hujus
531 1525 655 1582 virtutis
684 1533 759 1582 esset
783 1521 1018 1599 dijudicaudnui;
1050 1521 1132 1579 Viuk
1160 1523 1243 1581 enim
1262 1523 1297 1583 dc

216 1630 305 1708 aquis
333 1628 418 1706 puris
446 1626 624 1698 fluentibus,
656 1626 771 1686 Alibert
796 1627 832 1684 de
851 1626 1011 1683 sullurosis
1029 1626 1148 1704 cogitat.
1192 1628 1297 1707 Neque

218 1735 310 1793 etiam
328 1733 364 1792 de
382 1734 497 1791 virtute
522 1732 646 1791 sulfuris
665 1741 769 1790 contra
787 1732 919 1810 lepram,
942 1734 1046 1796 saltem
1065 1735 1090 1792 si
1111 1735 1230 1792 interne
1248 1737 1297 1792 ad-

216 1830 375 1912 hibeatur,
408 1857 509 1895 omnes
533 1837 728 1896 conveniunt.
771 1836 922 1906 Robinson
955 1837 1021 1918 (96)
1042 1838 1162 1896 Leueen
1183 1840 1297 1916 perseo·

218 1953 279 2000 tarn
305 1940 498 2000 insatiabilem
525 1939 631 2013 haber,
652 1940 686 1997 in
702 1940 766 2016 ejus
788 1939 879 1998 initio
894 1961 968 2000 vero
985 1941 1083 2019 potius
1104 1943 1225 2020 plantae
1244 1965 1295 2004 cu·

214 2047 350 2124 jusdam,
384 2045 562 2125 Asclepiadis
594 2045 769 2124 (ligantem,
801 2055 831 2103 et
856 2045 1005 2123 imprimis
1023 2047 1251 2115 mercurialium
1268 2058 1296 2106 et

219 2151 447 2210 antimonialum
469 2150 536 2228 (97)
546 2195 554 2224 ,
577 2171 666 2229 quam
679 2151 803 2209 sulfuris
823 2170 909 2207 usum
925 2150 1127 2212 commendat:
1162 2151 1296 2212 Niebuhr

219 2255 314 2330 dicit,
336 2274 463 2339 puerum
486 2253 635 2332 quendam
654 2252 707 2311 sub
724 2274 780 2311 usu
795 2254 917 2314 sull'uris
928 2256 1133 2313 tantummodo
1148 2257 1295 2336 aliquam-

218 2359 292 2434 diu,
315 2379 414 2437 neque
444 2359 576 2436 perfecte
602 2359 685 2436 lepra
706 2357 803 2416 luisse
830 2368 986 2433 sarratum3
1008 2373 1073 2419 erat
1089 2371 1189 2419 autem
1209 2362 1297 2438 hujus

219 2463 305 2541 pueri
324 2463 408 2546 lepra
424 2463 526 2520 mitior
546 2462 661 2528 forma,
685 2481 774 2539 quam
798 2461 901 2520 Belial<
922 2464 1054 2534 Aralres,
1082 2467 1175 2538 ἄλφον
1196 2465 1298 2524 Graeri

220 2576 332 2625 vocant
354 2564 437 2646 (98):
461 2565 627 2642 cujusmodi
648 2566 747 2623 forsan
771 2567 860 2625 etiarn
884 2569 1051 2626 sanationes
1080 2570 1237 2630 clarissimi
1257 2573 1296 2630 A·

218 2670 308 2728 libert
330 2670 463 2744 suerint,
498 2670 607 2748 quippe
634 2670 697 2748 qui>
711 2672 803 2743 ἁλφον
817 2680 847 2727 et
867 2675 968 2745 λευκήν
984 2672 1075 2750 gradu
1095 2675 1296 2734 tantummodo

219 2772 338 2831 differre
351 2770 506 2832 contendit
526 2772 604 2850 (99).
629 2773 731 2856 Celsus
743 2783 842 2832 autem
864 2774 897 2831 iu
910 2775 999 2853 alplro
1011 2776 1219 2855 imponendam
1232 2799 1295 2837 sua-

220 2877 271 2935 det
296 2877 472 2937 lenticulam
502 2877 619 2936 mistam
640 2898 710 2938 eum
728 2877 844 2934 sulfure
861 2887 891 2935 et
910 2879 1101 2963 tlrure‚·sic2
1124 2892 1158 2940 ut
1179 2903 1213 2939 ea
1229 2903 1295 2942 cou-

217 2982 292 3040 trita
302 3002 340 3041 ex
352 2990 433 3039 aceto
447 2980 486 3038 sit
506 2979 606 3060 (100).
647 2981 693 3038 De
711 2979 834 3040 sulfuris
852 3004 908 3040 usu
930 2983 964 3040 in
980 2979 1073 3043 Leuce
1091 2977 1296 3046 Niebuhr'uon

229 3083 485 3101 w

251 3132 299 3191 (92)
315 3134 439 3182 Anam,
455 3132 601 3189 Descriptiou
616 3131 653 3174 des
669 3133 726 3176 Mal.
743 3133 765 3178 d.
781 3133 798 3177 l.
816 3135 885 3175 Peau.
902 3132 931 3174 T.
949 3134 982 3176 11.
1000 3149 1023 3188 p.
1043 3133 1092 3176 148.

253 3216 300 3275 (93)
318 3220 334 3262 l.
351 3233 371 3262 c.
389 3233 412 3274 p.
429 3218 466 3260 63.
478 3192 559 3262 ¹nTous
576 3218 607 3259 les
623 3216 700 3259 sitcles
716 3223 755 3258 ont
770 3215 853 3257 re'tenti
868 3215 898 3256 du
914 3223 961 3257 sort
976 3217 1123 3258 malheureux
1137 3218 1163 3260 de
1184 3217 1298 3268 Naaman,

220 3301 439 3343 merveilleuscmcnt
454 3300 518 3356 gueni
535 3315 577 3357 par
592 3301 613 3341 le
629 3299 737 3356 propbbte
752 3296 841 3347 Elisde,
863 3310 921 3351 pour
937 3295 1003 3338 s’ltre
1024 3297 1102 3352 baigm'e
1123 3314 1163 3354 sep
1188 3300 1232 3342 fois
1247 3301 1298 3343 <lam

221 3382 254 3424 tes
269 3364 320 3424 ssuots
336 3382 456 3423 sulfureux
471 3383 501 3422 du
518 3382 649 3423 Jonrdain.’'

253 3465 300 3520 (94)
318 3468 422 3508 Jounuuu
440 3467 463 3507 in
479 3448 634 3508 hi'cnonnairs
649 3465 685 3506 des
701 3464 801 3505 Srirncos
816 3460 933 3526 mbdiealcs
949 3463 977 3504 Τ.
989 3463 1092 3508 XXVII.
1109 3478 1132 3518 p.
1149 3462 1200 3506 454.

253 3544 300 3602 (95)
318 3545 457 3588 Gnuoomus
471 3561 484 3588 a
501 3547 634 3588 Tunomncs
652 3543 782 3595 (Caesonia
799 3560 828 3586 on
844 3547 1016 3603 Tenus).v1birl.
1033 3563 1056 3603 p.
1073 3549 1124 3591 463.

253 3624 300 3682 (96)
317 3627 428 3668 masaia
444 3626 577 3669 Praktische
593 3629 671 3669 Darst.
689 3627 710 3668 d.
728 3627 843 3670 llautkrlr.
860 3643 883 3683 p.
901 3628 952 3671 357.
1198 3670 1201 3675 ,

254 3706 302 3764 (97)
319 3709 431 3765 Rocuoox
448 3707 567 3759 (Zeitschr.
591 3709 631 3750 sr'ir
646 3709 683 3749 die
697 3710 751 3763 Org.
768 3708 838 3764 Phys.
854 3710 912 3752 llud.
930 3711 964 3753 11.
982 3709 1040 3752 nost
1054 3711 1099 3755 Vl.
1118 3710 1182 3755 1828.
1200 3727 1223 3768 p.
1240 3706 1300 3762 637.)

222 3802 259 3832 eos
273 3802 336 3830 casus
345 3819 351 3838 ,
369 3789 408 3829 ubi
424 3789 487 3845 lepra
502 3789 672 3831 mercurialium
689 3804 729 3844 ope
745 3789 817 3833 suerit
835 3798 927 3840 sanata,
944 3779 1062 3846 syphilidis
1078 3791 1148 3834 fuisse
1163 3801 1274 3836 autumat.

253 3872 301 3930 (98)
318 3873 436 3917 Ninnoun.
453 3876 548 3919 Beschr.
564 3890 588 3919 r.
605 3874 676 3917 Arab.
694 3888 717 3928 p.
737 3872 785 3916 135.
967 3871 1013 3930 (99)
1030 3874 1139 3919 Aarsnur
1154 3875 1170 3916 l.
1188 3890 1208 3917 r.
1227 3891 1249 3930 p.
1267 3873 1300 3914 71.

253 3953 316 4012 (100)
333 3957 432 4005 uersus,
449 3957 500 4000 Lib.
517 3958 548 3998 V.
565 3970 585 3999 c.
602 3954 638 3997 28.
656 3957 668 4010 p
687 3954 721 3997 19.
