2754 4710
568 453 789 516 -135-

150 605 368 686 Aesculapium,
388 605 531 668 dixerunt
548 612 739 685 recentiores,
755 613 880 693 llygeam
889 661 898 691 ,
919 615 1047 694 Aeglen,
1071 617 1218 693 lusorem,

149 709 309 768 Aceronem
332 719 362 768 et
378 699 542 772 Panaceam
559 713 645 796 (33),
656 714 773 794 ⁴quibus
791 717 844 775 alii
861 729 976 778 sextam
992 720 1082 780 etiam
1097 720 1220 797 addunt,

151 812 272 872 nomine
296 813 410 874 'Romae
431 816 509 897 (34).
549 817 663 878 Harum
680 821 770 879 Aceso
798 830 829 880 at
845 821 946 902 Aegle,
960 823 1055 900 juxta
1067 823 1221 884 Meibomi·

151 938 204 978 um
219 916 305 999 (35),
326 919 389 978 solo
411 920 531 980 nomine
557 943 595 982 ex
618 923 710 984 Snida
725 925 930 986 tantummodo
949 936 1020 986 sunt
1036 936 1141 1003 notae;
1163 947 1223 1006 qua

147 1024 182 1082 in
210 1042 244 1081 re
254 1069 264 1100 ,
285 1022 365 1103 qood
387 1023 423 1083 ad
441 1025 551 1104 Aeglen
560 1072 570 1102 ,
592 1036 673 1086 errat
682 1067 694 1103 5
713 1047 807 1106 quum
821 1029 911 1088 etiam
928 1030 1044 1090 Plinius
1062 1038 1093 1089 et
1113 1030 1223 1090 Aristi-

146 1126 199 1185 des
226 1126 295 1206 (36)
325 1125 414 1204 hujus
439 1136 581 1208 tanquam
609 1129 687 1190 filiae
704 1130 873 1212 Aesculapii
896 1133 1006 1192 saciant
1028 1133 1221 1193 mentionem.
1292 1184 1297 1195 .

147 1229 213 1288 Hoc
237 1248 310 1289 vero
330 1226 449 1290 abunde
470 1219 570 1311 patet,
591 1232 738 1312 imprimis
758 1235 868 1314 llygeae
883 1245 914 1295 et
933 1236 1081 1296 Panaoeae
1101 1236 1221 1304 divinos

148 1337 275 1396 honores
299 1357 361 1397 esse
389 1338 533 1416 tributos,
568 1340 654 1417 eujus
670 1341 716 1421 pei
736 1341 941 1400 testimonium
961 1351 1004 1402 est
1021 1363 1161 1422 magnum
1181 1341 1220 1401 il-

94 1500 99 1511 ,
143 1441 198 1498 lud
220 1441 429 1518 jusjurandum
448 1443 710 1524 Hippocrationm,
735 1444 816 1521 quod
832 1463 893 1503 non
912 1445 1008 1505 solum
1028 1465 1082 1526 per
1102 1446 1218 1525 Apolli·

146 1565 216 1607 nem
238 1556 268 1605 et
290 1547 519 1628 Aesculapium,
546 1550 596 1610 sad
613 1550 703 1610 etiam
721 1570 775 1630 por
794 1549 923 1630 Hygeam
941 1560 972 1609 et
992 1551 1155 1624 Panaoeam
1167 1551 1220 1629 ju·

144 1670 226 1708 rasse
246 1650 389 1710 dicuntur
418 1651 540 1726 medici,
565 1653 679 1712 omissis
695 1653 818 1713 cacteris
835 1653 971 1713 omnibus
987 1653 1103 1713 filiabus
1111 1656 1219 1739 Aescu·

142 1754 219 1834 lapii
234 1754 318 1836 (37):
338 1755 372 1813 in
394 1754 598 1834 Aristophanis
613 1757 702 1815 Pluto
718 1766 815 1815 tamen
827 1755 918 1815 etiam
928 1756 964 1814 de
974 1757 1081 1818 lasonc
1088 1757 1122 1815 fit
1133 1776 1220 1815 men·

142 1859 189 1917 tio
207 1857 291 1940 (38),
314 1879 391 1938 qnae
409 1878 478 1918 cum
498 1879 598 1918 sorore
620 1860 750 1918 Panacea
768 1869 882 1938 patrem
898 1860 1104 1939 Aesculapium
1122 1859 1215 1919 comi·

143 1970 235 2021 tatur.
278 1961 362 2035 Quod
391 1961 429 2026 ad
456 1961 588 2041 Hygeam
605 1962 732 2038 attinet,
752 1983 822 2020 earn·
836 1971 977 2040 tanquam
995 1963 1090 2042 liliam¹
1110 1963 1217 2023 Aescu-

143 2067 218 2147 lapii
238 2087 256 2124 a
281 2066 400 2125 Pallade
425 2065 526 2145 Hygea
550 2064 707 2144 distinguit
722 2066 900 2125 Pausanias:
923 2075 987 2124 erat
1006 2075 1107 2125 autem
1127 2065 1218 2142 hujus

142 2168 468 2230 simulacrumAthenis
477 2167 555 2251 (39):
567 2169 741 2248 plerumque
750 2168 959 2248 Aesculapium
969 2169 1130 2228 comitatur
1139 2167 1217 2249 (to).

144 2272 306 2351 Complura
328 2271 391 2349 ejus
417 2272 528 2332 dantur
555 2270 732 2347 simulacra,
765 2271 926 2352 inquibus
947 2272 1091 2351 peculiari
1110 2271 1218 2331 habitu

143 2376 251 2436 vestita
279 2376 469 2456 conspicitur.
510 2376 648 2456 Fingitur
664 2377 827 2436 maximam
847 2385 962 2456 partem
980 2376 1085 2435 habitu
1106 2384 1227 2435 matio·

176 2646 223 2699 (ss)
239 2647 303 2688 sum.
318 2645 394 2688 nexis.
407 2646 436 2688 r.
451 2639 486 2688 11.
506 2660 530 2702 p.
545 2645 581 2688 ss.
595 2645 620 2687 tn
631 2659 683 2689 voss
700 2627 838 2697 Ἠπιόνη·
945 2668 948 2673 ν

176 2725 223 2780 (34)
239 2727 310 2769 Sanv.
323 2726 351 2766 sd
363 2727 436 2770 Vnae.
450 2727 535 2782 nerag:
547 2728 567 2771 1.
580 2741 615 2770 vs.
630 2726 718 2799 lit-(ex
730 2727 821 2771 Marino
834 2728 990 2782 Lupercorum
1005 2729 1094 2783 pottal:

435 2829 490 2871 usse
509 2829 561 2872 diva
574 2829 633 2870 flava
644 2837 668 2871 et
682 2831 777 2872 candida

449 2908 536 2956 Roma,
550 2909 672 2966 Aesculapi
686 2912 734 2952 filia
741 2940 749 2960 ,

448 2985 539 3028 Novum
553 3000 634 3030 nomen
646 2991 712 3033 Latio
723 2991 788 3033 facit.

450 3068 509 3109 Hinc
523 3067 652 3111 conditricis
665 3071 754 3112 nomine

447 3150 484 3192 Ab
496 3150 545 3205 ipso
558 3151 631 3193 omnes
645 3151 740 3192 Romam
750 3151 856 3194 vocant.”

174 3256 221 3313 (35)
237 3250 342 3300 listron.
364 3257 489 3300 comment.
502 3256 527 3298 in
541 3254 629 3311 Jusjur.
642 3258 715 3314 Hipp.
728 3272 750 3302 c.
763 3259 808 3304 vt.
824 3273 847 3314 p.
864 3255 900 3301 ⁵4.

173 3341 222 3397 (66)
237 3341 306 3382 Pars.
319 3338 420 3384 XXXV.
435 3352 455 3381 c.
472 3337 507 3382 ll.
521 3339 629 3382 Anasrro.
646 3341 748 3385 Oratio
762 3340 890 3396 Asclepiad.
906 3354 930 3395 p.
944 3337 981 3382 82.

173 3419 220 3476 (37)
237 3421 310 3476 Rogat
323 3421 457 3462 numerous
472 3399 606 3474 (Gemmeus.
621 3421 646 3464 in
656 3421 711 3477 jusj.
725 3437 745 3466 c.
760 3423 806 3468 VI.
819 3435 840 3476 p.
857 3417 923 3476 65.)‚
943 3433 972 3461 an
991 3417 1040 3460 ideo
1059 3429 1098 3471 par
1116 3417 1217 3473 Hygsm

143 3509 165 3546 st
179 3503 301 3544 Panaceam
315 3501 373 3543 solas
386 3500 518 3556 juraretur,
532 3502 585 3555 qnia
605 3510 661 3545 natu
674 3502 763 3546 luerint
780 3502 874 3558 majores
882 3532 890 3552 ,
909 3515 940 3544 an
959 3500 1012 3555 quia
1032 3513 1072 3554 per
1089 3498 1143 3540 istas
1160 3499 1217 3541 duaa

143 3585 274 3641 praecipuae
292 3585 388 3626 medicae
407 3584 464 3627 artis
483 3592 557 3640 partes
577 3585 706 3629 indicentur
731 3587 772 3639 (sc.¹
791 3585 895 3642 sanitatis
915 3584 1014 3638 integrae
1040 3580 1178 3648 conservatio
1195 3586 1219 3622 st
1305 3598 1308 3605 ·

143 3669 237 3711 amissas
250 3666 391 3721 restitutio?
422 3668 484 3718 Has,
503 3668 538 3709 nti
552 3673 576 3710 et
587 3664 770 3721 castoras,·q1ias
789 3664 876 3719 profert
894 3661 1159 3712 Maitonion-rationes
1172 3662 1216 3704 lru-

141 3753 179 3809 jus
192 3752 239 3801 rei,
251 3763 329 3806 vagam
342 3750 417 3804 potius
430 3750 582 3806 conjecturam
596 3765 655 3799 ossa,
670 3761 738 3802 quam
752 3753 779 3789 ut
791 3745 882 3788 certiori
895 3744 990 3798 quodam
1003 3749 1026 3786 et
1039 3742 1136 3786 firmiori
1155 3743 1215 3786 nita·

142 3843 183 3878 tur
196 3834 356 3882 fundamento,
370 3832 425 3875 dicit
436 3811 636 3876 Hurnsnrnsncx
658 3831 702 3884 (De
716 3829 854 3886 principibus
865 3828 917 3871 Diis
936 3827 992 3870 artis
1003 3826 1100 3873 metisse
1112 3825 1217 3868 tutelari·

142 3917 199 3963 bus,
215 3929 237 3969 p.
251 3915 311 3968 et).
500 3906 503 3910 ’
625 3964 628 3969 ¹

133 4055 136 4063 Ι
152 4054 154 4059 Ι
173 3997 220 4054 (38)
237 3997 362 4041 Anssroru.
377 3998 440 4041 Plut.
456 4013 489 4042 rs.
505 3997 555 4044 ⁷02.
647 3999 693 4054 (39)
710 4000 777 4042 Paua.
788 3998 809 4047 l.
824 3996 860 4041 23.
961 3993 1008 4052 (lo)
1021 3995 1089 4039 Paos.
1105 3990 1163 4037 Vll.
1179 3991 1217 4034 2³.
