2754 4710
106 1817 139 1879 si
156 1815 277 1876 morbus
291 1814 456 1874 foemineos
471 1811 595 1890 (θήλεια
615 1807 751 1888 νοῦσος),
776 1809 986 1886 eujusmentio
996 1819 1041 1868 est
1058 1810 1137 1888 opud

65 1922 264 1983 Hssooosuss
284 1917 362 2000 (Lib.
382 1917 407 1976 1.
428 1935 455 1975 o.
486 1913 567 1994 105.)
591 1915 671 1975 idem
700 1915 740 1974 sit
765 1914 934 1986 habendus,
964 1936 999 1975 ac
1019 1915 1142 1976 morbus

64 2025 265 2107 Scytharum,
286 2021 401 2102 dequo
429 2039 527 2079 termo
546 2033 591 2084 est
618 2025 698 2105 apud
721 2021 949 2085 Hn’soossssu
975 2024 1036 2107 (De
1054 2037 1134 2098 asro,

60 2131 138 2192 loeis
157 2140 188 2189 et
202 2127 303 2210 aquis,
325 2148 355 2207 p.
374 2125 446 2187 293.
467 2125 514 2186 ed.
542 2128 661 2208 Fons),
684 2129 834 2208 probabile
853 2138 914 2203 est,
938 2129 973 2188 in
994 2148 1030 2189 eo
1046 2127 1136 2189 affee-

60 2236 177 2295 tionem
191 2250 260 2294 oum
277 2248 470 2310 oorporesm,
490 2240 556 2290 tum
577 2232 737 2292 mentalem
755 2231 903 2309 adfuisse,
924 2228 997 2292 adeo
1018 2240 1136 2307 tamen,

59 2348 96 2399 ut
115 2335 247 2416 corporis
266 2331 385 2395 affectio
407 2336 516 2394 mentis
537 2335 752 2397 alienationem
771 2335 973 2417 praecesserit.

570 2465 615 2534 ΙΙ.

107 2603 212 2675 Ratio,
238 2620 312 2681 quse
340 2603 422 2661 inter
442 2609 540 2680 pestes
560 2600 762 2681 peripherioes
781 2610 812 2660 st
831 2603 977 2664 esntrsles
993 2611 1136 2684 systema·

62 2709 103 2770 tis
121 2704 229 2767 nessei
244 2704 366 2780 existit,
388 2703 500 2782 optimo
522 2705 690 2785 comparari
709 2713 806 2785 potest
831 2726 900 2767 oum
916 2726 951 2766 es
968 2708 1051 2767 inter
1066 2727 1137 2768 vtes

62 2810 230 2892 anguifera
246 2817 277 2868 et
288 2827 359 2882 eor;
381 2805 456 2868 odeo
473 2817 509 2867 ut
523 2807 557 2866 in
574 2819 702 2889 utroque
717 2819 875 2889 systemate
895 2818 995 2889 partos
1015 2819 1134 2871 sentru-

60 2914 103 2974 les
125 2913 239 2973 sontem
255 2908 454 2986 constituant,
478 2909 555 2969 unde
575 2913 641 2973 exit
668 2913 748 2973 sotio
760 2960 770 2989 ‚
803 2922 903 2992 psi-tes
929 2913 1137 2993 periphesiae

59 3026 164 3077 temen
181 3016 296 3096 passive
317 3033 378 3072 sese
397 3032 458 3072 non
479 3012 616 3078 habeant.

572 3110 643 3212 111.
766 3220 769 3225 ,

74 3254 77 3259 ¹
99 3281 290 3344 Electricitas
307 3292 339 3342 et
355 3283 403 3344 vis
419 3301 529 3344 serves
547 3282 666 3342 eaedem
685 3301 746 3341 non
769 3289 855 3354 sunt,
877 3280 928 3341 sed
947 3289 1070 3359 possunt
1087 3301 1133 3340 se-

56 3405 132 3445 cum
153 3386 331 3468 comparari.

569 3517 628 3586 IV.

98 3650 186 3711 Jedes
207 3650 313 3712 scheri
324 3654 575 3733 ausgesproohene
595 3650 828 3732 Temperement
848 3646 1012 3728 begrisndet
1038 3646 1131 3708 sehon

51 3754 127 3815 eine
147 3753 410 3816 widernsti'srlichs
434 3754 732 3837 Krsnkheitssnlsge.
752 3755 795 3802 '—
815 3752 953 3814 emm.

578 3890 621 3958 V.

96 4027 136 4087 In
165 4026 305 4086 curandis
328 4025 439 4089 morbis
456 4028 538 4090 velet
556 4024 815 4092 sosrhovisnum
842 4018 935 4079 iliud:
963 4019 1125 4093 titinius,

51 4130 83 4194 si
97 4124 275 4196 methodum
294 4128 419 4191 nescis-'⁹
