2754 4710
641 433 860 496 ..106...

214 589 281 651 <lica
310 592 404 651 relata
433 591 547 653 suerint
578 595 643 676 (2);
672 596 735 674 ipse
761 599 892 655 Deorum
919 604 1004 675 pater
1028 593 1147 675 Jupiter
1178 596 1301 674 saepius

217 705 312 776 σωτήρ
334 697 496 758 vocabatur
528 697 592 780 (3),
622 700 706 776 cujus
730 701 861 760 nominis
885 700 1061 780 significatio
1081 700 1118 758 ab
1138 699 1196 759 illa
1211 701 1301 762 vocis

217 809 342 880 outslpo
361 800 484 861 differre
500 801 577 860 mihi
603 824 663 861 non
682 803 812 863 videtur.
831 804 920 883 Apud
939 805 1077 865 Clitorios
1093 813 1198 863 autem
1219 815 1301 865 tem-

213 906 298 984 plum
319 917 400 978 erat,
420 906 453 964 in
477 928 537 986 quo
557 908 655 966 Diana
676 908 729 966 sub
748 908 870 968 nomine
891 907 1076 968 Hemeresiae
1096 908 1296 988 (Ἡμερήσνα,

214 1030 290 1088 quae
329 1019 514 1071 mansuetum
543 1010 628 1090 facit)
657 1011 823 1084 colebatur,
859 1011 940 1090 quod
967 1030 1074 1070 nomen
1102 1011 1131 1068 ei
1152 1011 1300 1072 tribuisse

214 1115 334 1175 Clitorii
353 1115 548 1192 dicebantur,
570 1136 631 1196 quo
649 1127 781 1196 tempore
802 1116 962 1196 Melampus
983 1116 1134 1175 Proetidas
1165 1117 1200 1175 in
1230 1118 1300 1196 ejus

214 1218 325 1297 templo
353 1218 470 1279 insania
496 1219 662 1293 liberasset,
693 1240 788 1299 quum
816 1239 864 1278 eas
896 1219 990 1279 Lusos
1017 1219 1210 1298 compulisset
1240 1219 1301 1302 (4).

215 1324 328 1383 Nomen
355 1323 432 1382 illud
461 1332 579 1400 tamen,
611 1334 646 1384 ut
673 1334 705 1384 et
731 1325 795 1405 ipsa
826 1322 956 1400 occasio,
984 1344 1043 1402 qua
1071 1325 1152 1381 Deae
1172 1333 1302 1383 nostrae

213 1429 364 1490 tributum
384 1429 511 1504 dicitur,
533 1428 610 1488 mihi
633 1430 731 1509 potius
759 1432 797 1490 ad
815 1432 908 1488 Deam
930 1427 1078 1507 quandam
1099 1427 1226 1503 animos
1239 1428 1303 1486 mi-

213 1535 377 1613 tigantem,
403 1555 493 1613 quam
509 1535 640 1613 corporis
664 1536 862 1614 aegritudines
880 1542 1033 1593 sanantem
1054 1541 1188 1612 spectare
1209 1533 1302 1592 vide-

214 1647 274 1696 tur.
324 1638 369 1697 Ab
385 1638 524 1718 Orphicis
552 1659 625 1699 vero
650 1639 745 1719 potum
771 1650 873 1718 aperte
905 1648 1047 1716 tauquam
1077 1637 1137 1694 Dea
1155 1636 1301 1696 sanitatis

213 1741 353 1801 invocata
380 1753 424 1802 est
457 1744 570 1814 Diana,
603 1745 713 1824 quippe
745 1764 820 1822 quae
848 1752 879 1801 et
907 1741 1025 1800 dicatur
1053 1743 1170 1817 πέμπων
1187 1744 1302 1808 νόσους

215 1854 264 1906 sul
274 1848 398 1927 ἄλγηοῐς
417 1850 505 1926 ὀρέων
515 1854 657 1923 κεφαλὰς,
669 1858 699 1908 et
713 1851 823 1929 ἄγουσα
838 1851 1076 1922 καλλιπλόκαμον
1097 1847 1216 1924 ὑγίειαν
1239 1842 1299 1926 (5);

214 1968 381 2029 nomenque
411 1959 536 2032 ooselpo
567 1953 717 2033 imprimis
741 1953 769 2012 ei
787 1952 925 2012 tribuime
944 1949 1089 2009 videntur
1100 1992 1110 2022 ,
1132 1946 1207 2026 quia
1229 1967 1303 2007 mu-

214 2052 335 2113 lieribus
364 2055 503 2115 salutaris
537 2057 708 2117 credebatur
743 2057 790 2138 (6)
841 2048 1016 2116 Mulieribus
1057 2053 1304 2132 parturientibus

214 2167 314 2217 autem
331 2158 480 2238 imprimis
505 2181 592 2240 opem
621 2161 698 2221 ferre
727 2159 899 2229 dicebatur,
934 2157 1108 2236 multaque,
1135 2177 1217 2236 quae
1238 2159 1302 2219 huc

216 2270 350 2339 spectent
359 2308 368 2338 ‚
388 2262 417 2320 ei
438 2263 645 2323 tribuebantur
663 2264 786 2322 nomine
798 2311 807 2342 ,
821 2265 867 2324 uti
888 2263 908 2321 l.
931 2284 957 2323 c.
979 2263 1170 2332 ’Ettritum
1185 2264 1304 2325 ὠδίνων

215 2369 378 2445 ἑπαρωγός,
409 2371 538 2440 uisitetur
564 2378 705 2450 ourelpo,
727 2370 1104 2443 dnvtdxssojtvullorros,
1133 2386 1215 2445 quae
1234 2390 1304 2428 om·

216 2465 267 2524 nia
294 2489 312 2524 a
339 2469 573 2546 parturientium
597 2471 749 2531 doloribus
776 2473 947 2552 mitigandis
973 2473 1169 2548 derivantur3
1203 2494 1304 2554 quare

215 2571 309 2628 etiam
327 2581 452 2650 ourstpo
470 2572 520 2631 hic
535 2573 612 2631 forte
628 2573 728 2652 potius
749 2574 801 2633 his
814 2576 963 2636 doloribus
979 2578 1173 2650 liberantem,
1205 2600 1302 2658 quam

215 2674 335 2753 quidem
373 2676 490 2739 morbos
525 2687 679 2737 sanantem
710 2678 857 2757 significat
885 2678 942 2760 (7).
993 2680 1117 2740 Athenis
1148 2683 1303 2762 templum

216 2779 316 2838 Diana
345 2785 498 2849 λυσιζωνος
517 2781 661 2859 habebat,
681 2783 762 2856 quod
781 2804 889 2844 nomen
908 2785 937 2843 ei
955 2785 1060 2845 datum
1085 2791 1185 2843 censet
1204 2786 1304 2847 Scho-

216 2883 334 2953 liestes.
367 2884 440 2964 quia
477 2885 650 2965 primiparis
678 2908 740 2948 mos
770 2899 837 2948 erat
875 2889 989 2969 cingula
1030 2888 1166 2967 solvendi
1191 2890 1305 2971 (ζώνας

218 2989 336 3069 λύουσι)
367 2998 397 3048 et
423 2991 539 3050 Dianae
569 2991 689 3050 dicandi
716 2991 773 3072 (8).
813 2994 904 3074 Apud
933 2992 1146 3054 Callimachum
1174 3002 1305 3073 potitam

215 3092 280 3172 ipsa
305 3093 386 3173 petri
417 3115 470 3153 suo
503 3095 574 3154 Jovi
602 3095 676 3155 dicit
705 3097 823 3174 Diana,
844 3117 875 3156 se
896 3107 961 3158 tum
977 3099 1073 3156 solum
1093 3097 1306 3162 dementibus

216 3194 250 3256 in
278 3198 364 3256 urbes
392 3196 583 3272 descendere,
613 3198 732 3277 quando
764 3201 904 3260 mulieres
928 3199 1116 3280 parturiendi
1143 3200 1307 3265 doloribus

209 3328 388 3342 *t———un-

250 3419 283 3476 (2)
300 3421 334 3461 De
347 3419 483 3474 Proserpina
497 3417 528 3462 cs.
551 3421 619 3462 Pars.
636 3421 687 3463 Lib.
700 3420 772 3465 vm.
787 3435 808 3483 e..
825 3418 862 3462 sl.
876 3418 929 3460 Lib.
944 3418 989 3461 111.
1005 3430 1025 3458 c.
1044 3414 1079 3458 13.

248 3499 281 3556 (3)
297 3502 366 3545 Paos.
381 3500 432 3544 Lib.
447 3502 480 3543 II.
496 3515 517 3543 e.
534 3500 576 3550 20,
592 3502 629 3544 31.
651 3501 702 3545 Lib.
724 3503 771 3544 111.
787 3516 807 3545 c.
824 3500 859 3543 23.
882 3501 934 3542 Lib.
949 3499 1020 3543 VIII.
1036 3512 1056 3541 e.
1071 3497 1093 3540 9.
1110 3510 1130 3538 c.
1146 3497 1185 3540 3⁰.
1248 3508 1253 3515 ·

247 3583 281 3636 (4)
296 3585 367 3629 Pius..
379 3582 430 3624 Lib.
445 3582 517 3628 VIII.
530 3595 551 3625 e.
569 3582 603 3624 lt.

199 3664 202 3669 ’
249 3663 282 3717 (5)
298 3666 383 3721 Hymn.
398 3665 474 3706 Osrn.
489 3661 526 3707 35.
542 3679 578 3708 vs.
595 3665 622 3708 14
644 3677 678 3718 sq.
694 3664 728 3719 (p.
745 3663 796 3707 299.
812 3664 846 3707 ed.
861 3662 1001 3712 usstass.)

250 3746 283 3800 (6)
299 3744 365 3788 laem.
382 3745 435 3800 tp.
453 3745 502 3788 186.
518 3725 646 3796 θήλειων
666 3731 799 3802 σωτείρα.

251 3849 284 3903 (ν)
301 3848 338 3890 cr.
359 3849 445 3904 rums.
458 3851 533 3891 osu.
548 3847 585 3891 35.
599 3862 634 3892 v..
649 3848 679 3898 s.
693 3851 722 3898 4,
738 3849 760 3890 s.
777 3845 810 3903 (p.
825 3847 888 3904 rso.)
911 3830 1014 3898 λάχεια
1024 3865 1032 3899 ,
1061 3826 1210 3904 ἐπαρωγὸς
1232 3827 1302 3886 ὡδί·

223 3954 276 3991 νων
297 3938 346 3990 καὶ
365 3931 473 3990 ὠδίνων
489 3935 636 4008 ἀμύητος,
658 3935 829 4006 λυσιζωνος,
859 3930 1030 4004 ductorem.

253 4031 285 4090 ‘8)
302 4035 375 4078 Schol.¹
391 4036 478 4079 Arois.
493 4035 568 4079 Rnoo.
587 4036 604 4079 1.
619 4035 671 4078 288.
691 4034 728 4078 ct.
744 4034 855 4086 Bessos,
871 4036 974 4080 Analect.
990 4035 1043 4080 Vol.
1058 4033 1073 4076 l.
1090 4049 1113 4090 p.
1129 4030 1181 4077 22⁰.
1205 4033 1251 4079 No.
1261 4035 1304 4080 11.
