2754 4710
570 440 770 499 ..79-

135 623 223 685 upos
246 599 415 680 sepelivisse
432 601 517 682 (51);
541 621 604 661 mos
623 610 721 660 autem
742 601 792 660 lric
820 604 867 661 vel
893 604 1074 684 legislatori,
1096 608 1144 666 vel
1161 630 1215 687 poa

125 707 207 770 aulo
227 703 394 765 Israelitico
412 703 582 784 incognitus
605 704 695 764 fuisse
717 707 833 787 nequit.
877 707 941 769 Hoc
964 712 1139 789 praesertim
1161 734 1215 770 va-

125 809 249 872 erede
277 809 411 885 lacertis,
440 830 567 889 quornm
587 807 696 867 multas
718 811 827 890 species
845 811 1030 873 nominatim
1058 814 1124 894 (lll.
1145 817 1214 876 ttos.

125 919 181 979 (l.
204 914 269 997 30.)
287 926 443 976 enumerat
464 917 572 991 Moses,
591 916 673 976 idem
691 924 846 990 autumat,
869 933 958 995 quem
979 917 1094 996 saepius
1112 920 1214 978 lauda-

125 1023 253 1098 rimm,
282 1019 433 1107 lliclradlis
451 1019 527 1102 (52).
572 1022 645 1082 Com
668 1022 749 1079 enim
770 1031 838 1100 post
853 1021 1063 1083 inundationes
1078 1022 1215 1084 fluminis

125 1125 214 1202 stili,
237 1123 358 1205 quaudo
384 1124 465 1183 intra
483 1123 563 1204 ripas
578 1124 725 1184 redierint
737 1146 851 1206 aquae,
872 1126 976 1206 ingens
993 1127 1102 1188 harum
1118 1128 1214 1188 lacer-

125 1251 231 1290 arum
251 1229 336 1309 copia
354 1229 388 1287 in
414 1226 504 1287 terris
521 1237 693 1305 remaneat,
716 1250 808 1310 qnae,
831 1231 857 1289 si
873 1241 1010 1291 mortuae
1026 1242 1210 1311 putrescant,

125 1335 239 1395 uultis
264 1333 403 1412 gravibus
434 1333 544 1392 morbis
570 1354 671 1394 ansam
689 1333 760 1394 dare
776 1336 906 1415 possint,
936 1337 1046 1397 summi
1069 1339 1215 1397 momenti

125 1451 172 1502 ast
181 1487 193 1517 ,
216 1438 360 1498 animalia
386 1438 519 1499 auferre:
542 1439 745 1501 forsan-ita
760 1440 811 1500 vir
830 1439 1062 1502 clarissimus-
1076 1442 1213 1523 Aegyptii
1237 1450 1241 1460 “

125 1554 209 1622 tnnc
236 1543 376 1622 temporis
398 1543 486 1603 valde
514 1545 631 1605 fuerint
659 1546 799 1619 studiosi,
823 1556 859 1606 nt
873 1547 946 1606 tales
960 1547 1149 1627 impuritates
1166 1568 1215 1606 re·

125 1658 312 1723 moverent3
334 1659 365 1707 et
385 1648 476 1708 lloses
493 1670 598 1727 usum,
613 1649 661 1709 cui
681 1650 715 1708 in
731 1650 867 1730 Aegypto
883 1652 1010 1730 populns
1025 1653 1089 1729 jam
1110 1651 1215 1712 adsue-

125 1764 181 1814 tus
211 1753 331 1826 luisset,
363 1750 475 1832 quique
499 1753 531 1811 in
545 1753 712 1813 Palaestina
730 1753 820 1811 etiam
841 1753 1004 1813 utilitatem
1024 1755 1132 1815 habere
1147 1777 1214 1836 pos-

125 1868 190 1931 set,
219 1858 259 1918 ¹in
288 1857 381 1937 legem
411 1858 545 1916 verterit.
587 1858 653 1917 Non
680 1857 772 1915 solum
797 1856 857 1936 ipsi
879 1857 1017 1917 homines
1035 1879 1138 1918 eorum
1153 1860 1212 1918 irn-

125 1961 314 2020 mundornm
340 1960 515 2019 animalium
534 1970 674 2019 contacto
691 1959 799 2040 polluti
815 1961 941 2037 fiebant,
963 1961 1011 2019 sed
1037 1963 1138 2020 omnia
1159 1981 1213 2022 va-

125 2089 183 2143 sa,
208 2065 242 2124 in
265 2065 374 2146 quibus
396 2064 591 2140 incidissent,
613 2065 651 2122 ad
670 2084 825 2145 vesperam
844 2085 939 2145 usque
959 2065 1208 2146 essentimpnra,

125 2154 229 2253 nerine
255 2171 330 2233 haec
362 2169 524 2250 impuritas
552 2178 695 2237 cessaret,
726 2166 785 2228 nisi
808 2168 912 2248 ligneis
933 2169 1012 2228 vasis
1040 2168 1075 2227 in
1103 2190 1210 2249 aquam

125 2277 288 2349 immissis,
322 2276 466 2338 fictilibus
492 2296 566 2335 vero
600 2271 762 2336 confractis
793 2271 865 2354 (ΙΙΙ.
897 2272 970 2338 Mos.
995 2270 1044 2332 XI.
1076 2274 1126 2349 32,
1148 2272 1214 2352 33).

125 2380 218 2443 Hanc
234 2382 327 2462 legem
340 2379 507 2458 ,munditiei
525 2398 650 2460 magnae
670 2376 798 2451 utilitati
816 2375 923 2449 fuisse,
947 2375 1020 2435 adeo
1036 2385 1071 2435 nt
1086 2377 1213 2458 populus
1300 2374 1306 2381 ’

125 2488 232 2548 sedulo
262 2498 400 2564 curaret,
430 2507 468 2546 ne
498 2485 641 2546 animalia
660 2491 807 2544 venenata
823 2501 895 2542 vasa
915 2492 1065 2560 vestesque
1084 2479 1213 2561 inquili-

126 2600 257 2666 narent,
288 2611 343 2670 per
372 2611 403 2650 se
431 2599 532 2669 patet3
554 2589 654 2648 minus
678 2607 752 2647 vero
780 2585 900 2666 liquet,
930 2584 1081 2644 undenam
1109 2604 1212 2644 caussa

126 2698 169 2757 sit
191 2696 352 2775 repetenda
361 2741 371 2770 ,
394 2714 487 2773 qnare
506 2713 576 2752 vasa
593 2692 691 2770 lignea
706 2689 840 2770 simplici
855 2689 968 2748 lotione
977 2687 1089 2748 munda
1103 2697 1209 2762 essent,
1311 2765 1314 2771 .

128 2801 237 2863 fictilia
264 2820 334 2858 vero
356 2798 535 2878 frangenda:
559 2797 646 2873 cujus
665 2794 711 2853 rei
734 2792 965 2873 explicationem
984 2792 1052 2850 aliis
1069 2792 1211 2871 relinquo

125 2906 207 2983 ipse,
233 2901 285 2981 q‘ui
303 2902 367 2977 ejus
387 2899 575 2959 diaeteticam
597 2918 731 2958 caussam
748 2887 915 2976 perspicere
934 2913 1092 2974 nequeam.

125 3053 321 3069 ..Μ

160 3112 209 3201 (sl)
225 3144 320 3188 usion.
338 3143 371 3191 11.
387 3157 408 3187 ο.
427 3142 463 3192 rr,
479 3153 499 3183 ο.
516 3141 553 3184 er.

157 3224 207 3282 (52)
224 3227 282 3270 Mos.
300 3224 366 3282 Regt.
384 3225 428 3273 lv.
445 3238 469 3282 p.
484 3220 587 3276 333.'sq.
