2754 4710
661 430 883 489 -130-

232 617 296 652 σοιν
320 595 354 649 τά
375 593 495 666 σώματα
514 588 608 672 (quod
627 609 750 668 corpora
767 610 839 649 sana
856 599 886 648 et
902 589 1016 669 integra
1032 554 1145 668 servat)
1154 620 1164 659 ‚·
1180 591 1235 650 vel
1256 594 1313 654 ἀπὸ

235 705 288 774 τοῦ
306 698 526 773 ἀναβάλλεσθαι
547 699 598 769 τήν
617 701 688 755 κατὰ
708 705 761 756 τοῦ
773 701 907 757 θανάτου
917 698 1070 776 γινομένην
1078 697 1247 771 ἀνάκλησιν
1255 696 1313 777 (7):

227 801 318 877 ,iuxta
343 801 416 860 alios
437 800 566 878 denique
585 806 665 880 nopai
688 806 721 860 τὸ
743 802 843 861 ἀσκεῖν
863 805 953 876 ἠπίως
974 806 1045 868 τούς
1065 809 1248 877 νοσοῦντας,
1264 802 1316 861 vel

230 909 307 985 παρὰ
326 909 360 964 τὸ
375 907 414 981 μή
432 909 654 965 σκελετείσσθαι
676 907 786 973 αὐτούς
809 909 859 982 ἐᾷν
876 908 970 981 sinonis
991 911 1230 986 προσφερόμενον
1258 902 1314 985 (8).

230 1011 372 1071 Videmus
389 1031 428 1071 ex
448 1011 512 1084 his,
535 1012 641 1089 quanti
661 1011 722 1070 sint
738 1009 889 1068 faciendae
907 1010 1102 1090 etymologiae
1125 1011 1222 1071 istae:
1245 1013 1315 1073 cui-

229 1137 348 1195 cunque
369 1117 502 1197 aliquam
529 1115 759 1203 praeformatam
787 1113 959 1192 opinionem
976 1113 1096 1174 habenti
1111 1137 1173 1179 non
1193 1117 1328 1178 difficile·

229 1232 294 1298 est,
307 1221 448 1301 'aliquam
465 1220 674 1301 etymologiam
695 1219 883 1298 excogitare,
907 1240 986 1299 qnae
1003 1241 1071 1279 cum
1088 1241 1122 1279 ea
1139 1223 1313 1300 conveniat,
1358 1226 1365 1235 '

229 1325 392 1386 dummodo
404 1371 413 1401 ,
448 1327 474 1384 si
503 1345 618 1384 necesse
637 1325 677 1384 sit
684 1371 693 1400 ,
718 1324 791 1384 scite
813 1343 976 1402 parumper
994 1323 1110 1383 litteras
1129 1322 1324 1411 commutare¹

231 1431 322 1491 sciat:
347 1431 398 1490 sed
414 1451 477 1490 non
495 1431 646 1505 c1·ed0,ex
665 1427 852 1508 etymologiis
871 1426 987 1505 aliquid
1005 1427 1042 1487 de
1059 1429 1235 1510 Aesculapio
1252 1450 1311 1490 esse

229 1534 457 1595 conficiendum.
506 1534 595 1605 Quod
625 1542 724 1591 autem
737 1538 740 1544 “
755 1534 854 1592 locum
880 1530 971 1590 istum
1002 1532 1171 1592 Pausaniae·
1184 1537 1309 1611 attinet,

229 1660 266 1699 ex
284 1639 342 1696 hoc
360 1661 421 1697 non
441 1647 551 1696 temere
570 1637 686 1716 aliquid
703 1638 739 1695 de
760 1635 926 1716 symbolica
942 1636 1074 1714 quadam
1092 1637 1192 1715 mythi
1204 1638 1311 1698 Aescu·

229 1742 302 1820 lapii
326 1742 528 1821 explicatione
555 1760 617 1801 esse
635 1740 890 1816 concludendum,
923 1740 1039 1799 abunde
1068 1751 1149 1824 patet
1179 1765 1249 1802 cum
1273 1765 1310 1804 ex

231 1847 410 1907 auctoritate
430 1855 476 1904 tot
493 1845 622 1903 aliorum
644 1865 662 1902 a
682 1863 730 1902 me
746 1844 905 1903 citatorum
923 1854 1094 1919 anctorum,
1110 1856 1177 1905 tum
1194 1868 1310 1928 quoque

238 1972 278 2010 ex
305 1952 360 2020 iis,
386 1971 463 2030 qnae
488 1951 588 2008 minus
607 1959 744 2008 accurate
765 1949 803 2009 de
823 1930 993 2030 Aesculapii
1011 1952 1128 2031 origine
1153 1963 1185 2012 et
1217 1975 1311 2034 perso·

232 2077 271 2118 na
298 2077 316 2114 a
339 2055 485 2114 Pausania
503 2055 602 2126 dicta,
625 2053 741 2132 saepius
759 2055 793 2113 in
806 2054 862 2113 hoc
883 2058 899 2132 p
917 2054 1116 2131 ostendimus3
1145 2077 1241 2136 quare
1262 2077 1308 2116 nc-

230 2178 291 2238 qne
327 2159 385 2218 hoc
418 2159 483 2219 loco
513 2157 674 2219 Pausaniae
714 2167 849 2218 nostrum
882 2159 1032 2235 judicium
1072 2161 1109 2219 de
1139 2161 1309 2245 Aesculapio

233 2266 385 2344 prolatum
405 2263 521 2344 aliquid
542 2264 733 2322 immutatur.
778 2299 780 2305 ·

272 2370 449 2429 Medicinam
477 2370 684 2448 Aesculapium
706 2369 809 2429 docuit
829 2369 945 2428 Chiron
964 2369 1034 2450 (9),
1056 2371 1312 2434 cuieducandum

232 2495 301 2533 eum
318 2473 439 2530 dederat
456 2484 543 2552 pater
562 2472 678 2550 Apollo.
719 2472 910 2532 Mirationem
929 2494 1050 2534 movere
1070 2476 1191 2556 nequit,
1211 2455 1313 2558 postea

232 2579 328 2637 multa
352 2576 497 2636 fabulatos
524 2596 585 2634 esse
615 2585 731 2635 veteres
756 2577 792 2635 de
810 2578 1012 2647 sanctionibus
1031 2572 1142 2640 abhoc
1163 2581 1235 2641 viro
1251 2604 1314 2664 per-

230 2681 315 2740 fectis
325 2727 333 2754 ,
351 2699 444 2759 qnae,
463 2701 532 2739 cum
548 2688 622 2738 tunc
640 2680 781 2759 temporis
800 2701 848 2740 ars
869 2691 972 2741 nostra
989 2683 1080 2742 rudis
1097 2683 1197 2744 adhuc
1219 2697 1312 2763 esset,

234 2786 376 2846 mirificae
396 2775 547 2843 habendae
567 2794 670 2858 erant,
694 2785 767 2843 adeo
784 2795 864 2846 utet
884 2788 1075 2863 mortuosab
1094 2788 1148 2847 illo
1164 2790 1200 2869 in
1223 2793 1317 2852 vitam

231 2903 386 2953 revocatos
414 2912 475 2952 esse
504 2882 723 2971 perhibuerint.
766 2891 839 2950 Cum
864 2891 946 2950 enim
969 2914 987 2950 a
1011 2893 1143 2953 hlinerva
1159 2897 1320 2977 accepisset

229 3000 402 3079 sangninem
417 3044 426 3072 ,
457 2999 510 3077 qni
540 3017 578 3054 ex
608 2997 690 3054 venis
720 2980 871 3073 Gorgonis·
884 2994 1032 3068 fluxerat,
1055 2996 1110 3054 illo
1130 3018 1169 3057 ex
1190 2999 1321 3061 sinistris

232 3105 320 3162 venis
354 3101 391 3160 ad
417 3101 557 3159 homines
589 3098 810 3159 interficiendos
839 3109 883 3157 eat
912 3121 996 3175 usus3
1026 3101 1064 3160 ad
1097 3123 1146 3162 eos
1175 3106 1321 3165 sanandos

230 3229 304 3268 vero
334 3208 389 3265 illc
410 3222 461 3264 'ex
487 3205 621 3275 dextris,
650 3184 739 3280 ¹cnjus
769 3223 823 3281 ope
857 3204 949 3262 etiarn
983 3215 1117 3265 mortuos
1148 3209 1320 3270 suscitabat.

231 3311 354 3391 Jupiter
380 3316 480 3367 autern
508 3298 660 3382 metuens,
693 3328 731 3365 ne
758 3306 892 3383 homines
919 3309 1059 3369 medendi
1087 3320 1188 3371 artem‘
1208 3314 1250 3373 ab
1270 3315 1322 3375 illo

231 3413 327 3503 edocti
346 3413 407 3473 sihi
424 3424 563 3472 mutuam
579 3432 664 3491 opem
675 3421 861 3490 praestarent
872 3457 880 3486 ,
892 3411 1021 3471 fulmine
1031 3432 1101 3473 eum
1110 3415 1233 3476 necavit
1243 3416 1322 3499 (10).

234 3527 433 3538 a———na—n-—a-

261 3570 295 3625 (7)
313 3571 400 3612 sirm
415 3567 514 3609 unicos
527 3564 552 3606 in
563 3578 619 3606 vocs
637 3543 854 3614 'Aoithtttdthg
871 3560 910 3613 (T.
925 3563 946 3605 I.
962 3577 986 3617 11·
1003 3561 1053 3605 351.
1068 3564 1102 3606 sd.
1121 3565 1260 3624 Kinna).
1281 3568 1321 3613 cl.

234 3653 358 3696 Pnonnor.
373 3653 399 3694 de
413 3648 469 3691 Nat.
482 3649 550 3690 Deos.
566 3660 587 3690 c.
601 3646 640 3689 33,
656 3661 680 3700 p.
695 3645 737 3688 229
754 3646 787 3697 (in
799 3644 865 3686 Gaas
878 3645 983 3698 Opust).

261 3731 299 3789 (8)
314 3736 429 3778 nasama.
445 3732 469 3774 in
482 3730 547 3772 iliad.
566 3712 603 3762 A·
623 3726 675 3770 2⁰2.
689 3742 713 3782 p.
727 3724 766 3770 35.
907 3769 911 3777 .

263 3813 297 3868 (9)
312 3816 382 3857 Piso.
397 3812 468 3869 Pyth.
491 3812 538 3854 111.
556 3807 591 3854 15.
606 3809 643 3852 cf.
659 3807 687 3850 80
699 3821 748 3861 sqq.
770 3808 805 3851 ld.
819 3807 885 3851 Nem.
901 3807 949 3849 111.
969 3807 998 3850 92
1012 3820 1060 3860 sqq.
1082 3810 1208 3876 l’araosra.
1223 3811 1321 3857 Ηοηῖι,

235 3895 280 3939 ῙΧ.
299 3896 352 3939 init.
373 3897 492 3938 Aaoaaoo.
513 3894 560 3937 111.
583 3891 617 3936 10.
631 3892 654 3935 3.
671 3919 674 3926 ·
1151 3938 1154 3943 Α

264 3975 313 4033 (ιο)
329 3975 449 4020 assason.
464 3978 511 4020 111.
534 3975 569 4019 ro.
582 3974 607 4019 a.
631 3951 817 4026 »φοβηθεὶα
837 3952 877 4025 ni
895 3950 1034 4024 λαβόντες
1052 3948 1206 4036 ἄνθρωποι
1227 3956 1325 4036 θέρο-

233 4044 319 4096 natos
336 4038 506 4116 πάράὖτών
528 4036 681 4111 βοηθῶσιν
703 4031 870 4104 sillitana?
914 4051 954 4098 cf,
968 4055 1069 4103 nm„
1088 4048 1143 4098 oa..
1155 4053 1189 4099 ς,
1208 4055 1233 4100 h·
1256 4060 1276 4105 Ι·
1299 4075 1322 4119 ι.

232 4140 275 4186 rao
290 4157 333 4200 sq„
348 4143 388 4199 qai
403 4154 444 4199 pr·
458 4117 523 4198 παρ’
546 4118 641 4175 ἀνιῶν
661 4132 716 4188 tegit
733 4114 799 4192 παρ’
821 4114 923 4171 ἄντοῦ.
