2754 4710
596 476 796 535 ..45-

148 634 298 712 phimosis
308 634 409 693 morbo
428 655 527 695 cissam
547 633 617 693 dare
636 645 742 714 potest,
767 654 855 713 quem
884 634 971 692 Philo
990 640 1139 718 ἄνθρακα,
1166 660 1234 697 rar-

144 741 325 809 bunculum,
360 750 457 799 vocat.
502 741 662 818 Cujusnam
690 738 806 819 generis
823 736 875 794 ille
897 739 1014 798 morbus
1036 744 1144 813 tuerit,
1167 745 1231 820 jam

144 846 348 924 inquiramus.
389 846 596 905 Periculosum
614 867 684 905 eum
701 844 810 916 fuisse,
834 851 917 921 patet
938 844 1044 918 exiis,
1066 847 1231 924 quaeapud

139 950 303 1029 Josephum
329 948 364 1007 sle
386 949 501 1027 Apione
521 948 643 1026 legimus
661 947 740 1027 (²17).
785 946 856 1019 Hic,
878 967 946 1003 cum
965 926 1157 1008 circumcisus
1169 971 1230 1008 nou

142 1065 238 1124 esset,
261 1073 301 1111 ex
328 1053 499 1112 necessitate
526 1052 717 1111 circumcisus
748 1064 812 1123 est,
844 1061 946 1131 utpote
976 1053 1126 1112 ulceratus
1152 1057 1232 1114 circa

143 1157 300 1236 pudenda,
336 1167 367 1215 et
398 1177 466 1215 curn
488 1156 568 1214 nihil
587 1156 615 1214 ei
632 1155 782 1235 profuerit
802 1155 1019 1229 circumcisis,
1041 1156 1091 1214 sed
1113 1166 1231 1234 putres·

145 1271 243 1333 ceres,
266 1261 382 1338 magnis
399 1261 550 1319 doloribus
565 1261 742 1338 exspiraiit.
784 1261 929 1320 Naturam
948 1262 1037 1337 hujus
1060 1263 1232 1321 morbicum

143 1367 198 1425 iila
217 1367 398 1424 carbuncula
433 1367 620 1437 convenisse,
651 1386 705 1446 per
725 1346 755 1424 se
782 1369 944 1446 probabile
959 1379 1019 1427 est:
1049 1369 1100 1427 sed
1126 1360 1165 1427 ex
1183 1366 1259 1428 ae-'

146 1471 267 1549 tiologia
290 1470 345 1528 hoc
368 1491 462 1529 ununi
475 1469 634 1542 habemus,
661 1470 807 1548 Apionem
828 1495 890 1531 non
909 1474 1000 1532 fnisse
1011 1473 1230 1532 circumcisum:

145 1576 182 1634 ad
202 1597 316 1634 caussas
332 1585 461 1634 remotas
471 1575 572 1654 potuit
588 1574 742 1652 pertinere
760 1579 811 1637 vel
828 1579 924 1636 coitus
942 1579 1094 1657 impurus,
1118 1576 1164 1661 uti
1175 1597 1233 1655 pu-

146 1693 208 1741 tare
230 1681 352 1739 videtur
371 1681 498 1740 Hensier
519 1682 603 1763 (48),
626 1682 675 1740 vel
692 1683 784 1740 etiam
803 1682 947 1760 phimosis
958 1682 1123 1758 congenita.
1144 1682 1232 1753 Quod

147 1787 183 1845 ad
204 1787 337 1865 priorem
357 1807 487 1845 caussam
510 1786 634 1861 attinet,
654 1787 717 1862 jam
737 1788 846 1846 medici
874 1789 965 1847 medii
985 1789 1051 1847 aevi
1073 1787 1234 1848 circumci-

149 1893 263 1950 sionem
286 1891 392 1950 utilem
409 1891 594 1964 habuerunt,
616 1901 651 1948 ut
670 1891 858 1951 incommoda
877 1897 1065 1953 evitaremus
1076 1941 1085 1970 ,
1105 1914 1182 1972 quae
1194 1915 1232 1954 ex

148 1999 227 2056 coitu
244 2019 313 2056 curn
344 1998 470 2065 muliere
485 1997 608 2073 impura
628 1996 704 2053 oriri
736 2010 865 2076 possent.
908 2000 957 2058 Sic
980 2001 1044 2076 jam
1072 1999 1168 2058 Guido
1195 1998 1233 2056 de

150 2086 292 2160 Cbauliac
310 2101 400 2182 (²19iz
421 2100 638 2162 uCircumcisio
647 2148 656 2175 ‚
681 2101 800 2181 inquit,
829 2082 935 2162 multis¹
950 2114 995 2161 est
1014 2105 1119 2178 utitis,
1141 2126 1234 2183 prop-

136 2187 228 2268 terea
258 2208 338 2288 quod
374 2228 435 2265 non
474 2215 693 2286 congregantur
728 2205 864 2265 sordities
905 2208 940 2264 in
970 2194 1069 2266 radice
1110 2207 1230 2280 balani,

146 2335 219 2392 quae
246 2314 424 2374 calefaciunt
449 2313 580 2392 ipsum.'’
631 2310 711 2382 Quid
740 2318 847 2367 autem·
868 2309 1018 2389 intelligat
1045 2320 1150 2369 auctor
1178 2328 1231 2388 per

149 2418 326 2478 «sorditiem
339 2420 358 2446 ''
383 2427 464 2496 patet
479 2437 519 2475 ex
537 2437 587 2486 eo,
611 2415 692 2496 quod
724 2415 758 2473 iu
788 2414 845 2473 hoc
876 2414 973 2494 capite
1001 2415 1063 2494 agit
1095 2415 1153 2475 ude
1182 2436 1232 2474 ca-

147 2521 304 2583 lefactione
332 2531 362 2580 et
382 2521 525 2581 foeditate
552 2521 655 2600 virgae
672 2529 797 2598 propter
817 2519 989 2578 decubitum
1011 2541 1079 2579 cum
1104 2520 1233 2579 muliere

144 2630 262 2688 foeda.”
304 2627 427 2707 Optime
436 2628 527 2686 etiam
547 2626 599 2686 hic
611 2627 693 2684 locus
705 2624 849 2685 Guidonis
862 2603 1120 2703 explicatur-aiio,
1142 2644 1231 2702 quem

146 2754 184 2792 ex
207 2733 346 2810 Argelata
367 2730 533 2789 citabimus.
564 2729 617 2786 Hic
630 2729 733 2802 enim,
753 2749 841 2807 agens
860 2729 897 2786 de
918 2729 1063 2807 pustulis,
1085 2750 1160 2807 quae
1177 2729 1231 2786 ad-

146 2837 276 2896 veniunt
293 2828 395 2911 virgae
415 2841 538 2911 propter
559 2832 813 2891 conversationem
831 2855 900 2892 cum
918 2833 1002 2891 foeda
1020 2834 1165 2909 muliere,
1183 2835 1243 2897 di-,

148 2943 207 2999 cit:
233 2939 302 2998 uEx
323 2937 450 2996 materia
469 2956 634 3006 venenosa,
660 2957 736 3015 quae
764 2938 913 2996 retinetur
931 2938 1014 2996 inter
1037 2920 1230 3016 praeputium

148 3055 179 3102 et
193 3043 301 3123 pellem
322 3042 439 3121 virgae,
463 3050 626 3102 causantur
643 3041 717 3099 istuc
729 3041 863 3121 pustulae
871 3088 881 3117 ‚
901 3042 974 3100 tales
990 3062 1044 3120 per
1065 3042 1148 3100 hunc
1165 3063 1232 3099 mo-

146 3150 217 3220 dum
224 3195 233 3224 ,
256 3146 402 3227 quoniam
423 3166 460 3205 ex
482 3143 650 3205 retentione
660 3142 743 3202 illius
763 3146 919 3216 materiae,
944 3166 1020 3224 quae
1037 3145 1231 3204 remanetin-

148 3265 194 3313 ter
213 3255 322 3334 pellem
335 3263 374 3312 'et
390 3250 579 3332 praeputium
604 3268 643 3308 ex
662 3249 778 3308 actione
796 3249 859 3307 viri
884 3269 953 3307 cum
981 3242 1067 3307 foeda
1086 3250 1226 3322 muliere,

150 3382 224 3438 quae
242 3382 303 3418 non
320 3361 466 3440 respirat,
488 3357 620 3438 putrefit.
662 3352 779 3412 Deinde
807 3352 859 3410 ille
889 3352 973 3412 locus
999 3354 1173 3432 denigratur
1201 3365 1232 3412 et

150 3464 349 3523 mortificatur
365 3462 528 3524 substantia
548 3440 671 3539 virgae,
694 3478 771 3537 quae
799 3457 1046 3516 restaurationem
1072 3478 1133 3516 non
1154 3457 1231 3516 reci-

178 3659 227 3718 (47)
243 3661 335 3702 Jossru.
351 3665 423 3700 contr.
439 3636 551 3712 Apionim
565 3655 616 3699 Lib.
631 3655 665 3699 11.
681 3665 702 3697 c.
720 3653 761 3696 13:
778 3632 960 3708 Μέρνῑμήθη
977 3634 1029 3711 γᾶρ
1047 3635 1077 3696 ἐξ
1094 3634 1228 3712 ἀνάγκης,

152 3744 296 3808 {trucem
315 3740 395 3816 αὐτῷ
417 3747 482 3817 περὶ
505 3741 537 3797 τὸ
561 3739 674 3796 αἰδοῖον
696 3737 855 3816 γενομένης·
879 3744 928 3794 καὶ
958 3735 1046 3814 μηδὲν
1071 3736 1230 3811 ὠφεληθεὶς

153 3845 207 3902 ὑπὸ
228 3851 278 3917 τῆς
290 3849 456 3922 περιτομῆς,
474 3843 547 3900 ἀλλὰ
567 3845 769 3916 σηπόμενοςὲν
787 3843 898 3907 δειναῖς
918 3841 1039 3908 ὀδύναις
1057 3839 1227 3901 ἆπὲθανεν.”

182 3944 229 4003 (48)
246 3937 357 3990 Haustus
365 3976 372 3995 ,
385 3945 518 3988 Gescbicbte
530 3948 569 3988 der
581 3944 733 3994 Lustseucbe,
747 3945 856 3995 Alcona,
870 3940 938 3990 1783·
954 3948 965 3988 1
977 3947 1037 3990 Bnd·
1050 3962 1073 4002 p.
1091 3946 1142 3991 315.
1199 3955 1203 3963 ’

192 4028 237 4086 (49)
256 4028 368 4072 Gsrnosrs
377 4043 406 4074 ru
415 4030 534 4078 Cseursco,
545 4029 664 4084 Cyrurgiu.
674 4029 759 4073 Vener.
770 4024 834 4071 1498.
842 4035 873 4071 tr.
881 4029 1004 4074 VLdoctr.
1012 4030 1045 4073 11.
1055 4043 1074 4075 c.
1083 4030 1105 4072 7.
1114 4029 1156 4073 sol.
1166 4030 1202 4072 68,
1210 4031 1234 4072 b.
