2754 4710
585 417 785 474 ..23-

137 574 445 662 mussitantur)
470 580 589 657 (licem,
608 591 760 663 «γίνονται
784 580 816 640 δὲ
838 585 935 639 ierant
961 578 1012 655 pir
1041 583 1071 639 iu
1095 583 1147 637 τῶν
1165 586 1218 639 θα·

135 688 363 745 ναιωῦεστάιων
381 690 558 763 νοσημάτων.
572 690 644 747 nitor
667 695 714 747 καὶ
738 688 754 760 s}
776 692 882 754 νοῦσος
901 686 916 759 ἡ
940 688 1065 759 obruam)
1084 688 1222 763 καλεομέ-

139 792 223 864 νη;”
258 789 282 848 si
305 790 420 851 scilieet
446 811 503 869 pro
527 811 601 851 voce
620 794 747 866 obiam)
775 809 844 848 cum
873 787 984 845 Galeno
1002 797 1048 845 est
1065 786 1222 866 legendum

136 901 291 967 φοινικὶηε
323 912 412 972 quem
444 893 642 954 Phoeniceum
662 894 797 955 morbum
814 891 851 950 cle
868 889 1065 970 elephantiasi
1085 911 1147 950 csse
1172 892 1222 950 in·

138 994 335 1074 telligendum
359 996 455 1056 eredit
471 997 549 1055 idem
574 999 704 1058 Galenus
725 995 805 1077 (52).
848 994 903 1054 Sed
921 992 1025 1054 no'nio
1038 995 1142 1053 morbo
1154 1015 1222 1053 nos·

141 1110 191 1158 tro
208 1119 315 1177 inagna
330 1098 383 1157 illa
405 1101 563 1173 tuber-'cula
581 1101 615 1160 in
635 1123 704 1160 naso
722 1102 905 1180 auribusque
923 1099 1052 1175 adsunt,
1074 1118 1149 1176 quae
1166 1098 1227 1158 ele·

143 1202 293 1282 pbantiasi
312 1212 382 1261 suot
408 1203 548 1283 propria,
574 1225 706 1285 quaeque
722 1206 809 1267 faciei
827 1205 953 1285 speciem
981 1205 1077 1284 satyri
1098 1203 1149 1291 vel
1168 1204 1226 1264 seri

140 1306 269 1384 alicujus
286 1307 429 1385 praebent
448 1307 529 1388 (vid.
550 1308 626 1368 Tab.
643 1308 784 1370 xxxvtt.
798 1308 963 1389 Buteman),
979 1309 1057 1370 unde
1077 1321 1107 1370 et
1127 1310 1225 1368 nomi-

143 1434 180 1471 na
196 1408 442 1492 Satyriasiszlfili)
462 1421 494 1495 et
511 1408 676 1472 Leontinis
696 1415 841 1479 veniunt:
865 1434 961 1494 neque
972 1415 1004 1472 in
1018 1413 1223 1493 Eleplrantiasi

143 1518 323 1578 insensilitas
341 1538 374 1576 ea
384 1564 392 1594 ,
416 1538 475 1598 qua
492 1517 587 1576 Leuce
604 1527 733 1576 notatur.
755 1519 846 1578 Porro
864 1518 960 1578 Leuoc
972 1517 1135 1578 seerrndum
1146 1518 1224 1576 doct.

141 1622 291 1681 Robinson
320 1642 379 1699 uon
404 1620 492 1680 facile
526 1622 651 1699 majores
671 1625 875 1683 extremitates
891 1624 1037 1703 corripit,
1069 1646 1142 1703 quas
1167 1625 1228 1683 ele-

144 1726 305 1805 phantiasis
323 1725 483 1805 corripere·
496 1728 580 1787 solet.
624 1727 725 1787 litium
752 1728 851 1788 Celsus
871 1727 951 1786 inter
970 1740 1131 1807 utrumqne
1143 1749 1226 1786 mor·

143 1830 211 1889 bum
231 1830 382 1890 distinxit.
427 1830 773 1906 Vooavitilepontumv
792 1831 945 1903 morbum,
972 1851 1033 1910 quo
1049 1841 1147 1891 totum
1159 1852 1225 1889 eor-

144 1957 195 2014 pus
222 1936 265 1994 ita
292 1933 438 2010 allicitur,
471 1945 504 1993 ut
529 1957 592 1994 ossa
608 1956 727 2014 quoque
746 1937 850 1997 vitiari
874 1937 1226 2010 tlieairtur511011soluni

137 2036 178 2098 'de
205 2037 330 2097 maculis
344 2079 373 2145 .
387 2038 437 2097 sol
461 2037 552 2096 eliani
578 2038 614 2096 de
639 2039 808 2098 tumoribus
829 2039 1008 2118 (tuberculis
1019 2036 1048 2119 Ρ)
1071 2038 1225 2116 loquitari

143 2154 242 2203 atrum
269 2143 415 2214 colorem,
448 2142 582 2221 corporis
607 2142 849 2216 ernaciationem,
887 2142 997 2222 pedum
1018 2141 1219 2200 intumescen-

146 2247 218 2304 tiam
239 2256 269 2306 ot
292 2245 471 2305 febriculam
503 2245 662 2328 (hecticam
675 2242 703 2325 l)
736 2247 823 2305 l'acile
842 2226 888 2305 roi
906 2245 992 2304 malis
1008 2246 1150 2304 obrutum
1172 2244 1226 2303 lto-

147 2352 255 2410 minem
279 2361 502 2433 consumentem
525 2361 671 2410 memorat
691 2349 771 2431 (54),
793 2369 868 2429 (puae
895 2360 1003 2408 cuncta
1024 2348 1228 2410 minimeerun

148 2456 254 2516 Leuces
273 2456 523 2538 symptomatibns
541 2456 738 2539 conveniunt
759 2455 860 2515 Etiam
879 2455 993 2517 Arabes
1009 2455 1091 2515 inter
1112 2466 1230 2516 utrum·

148 2582 204 2640 que
223 2560 362 2619 morbum
382 2559 590 2639 distinguunt,
624 2560 738 2620 Lernen
755 2559 938 2620 Barrassive
959 2561 1063 2634 Beras,
1089 2560 1227 2633 Albcras,

150 2675 305 2739 vocantes,
338 2665 557 2744 elephantiasin
586 2685 658 2724 vero
679 2663 843 2744 Dsji'ultlam
863 2662 908 2721 iel
929 2662 1129 2741 Madsjiiulam
1151 2663 1228 2744 (55).

131 2771 205 2833 ,Sed
237 2790 299 2828 non
323 2769 420 2827 solum
449 2789 516 2826 cum
544 2769 628 2847 gravi
656 2768 746 2828 bocco
775 2769 899 2842 morbo,
923 2786 1030 2828 rerum
1050 2768 1141 2827 etiam
1161 2791 1228 2828 cum

150 2873 316 2933 levioribus
337 2871 455 2950 vitiligo
475 2854 732 2948 confundebatur,
754 2874 826 2932 adeo
838 2883 872 2933 ut
891 2871 995 2931 mediis
1010 2872 1089 2930 aevis
1106 2873 1161 2930 snb
1174 2895 1224 2930 no·

150 2977 232 3033 mine
247 2972 398 3030 communi
422 2974 535 3053 Leprae
553 2976 640 3033 varia
655 2979 865 3035 exanthemata
884 2976 1227 3054 corrrprelreriderentrrr·‚

150 3076 408 3156 eteleplrantiasis,
428 3088 459 3137 et
469 3077 550 3158 lepra
558 3098 720 3156 squamosa,
738 3087 768 3138 et
786 3081 889 3154 Leuce,
901 3090 932 3138 et
948 3078 1137 3157 impetigines
1149 3079 1214 3135 mul

149 3184 183 3242 ti.
225 3182 269 3240 lta
294 3182 357 3258 jam
378 3179 457 3240 ‹lixit
475 3180 560 3261 Greg.
582 3180 672 3240 llorst
692 3181 759 3262 (56)
781 3183 834 3261 qui
851 3184 909 3242 sub
934 3183 1022 3242 [inem
1046 3182 1155 3255 saeculi
1176 3182 1229 3241 de·

153 3285 223 3344 cimi
250 3285 329 3359 sexti
356 3283 474 3344 Ulmiae
512 3285 649 3344 morbum
676 3284 891 3369 investigavit,
913 3308 975 3347 non
996 3287 1093 3347 solum
1123 3288 1229 3347 tnrtrbo

182 3540 231 3598 (51)
246 3541 387 3583 llrrroem.
401 3537 541 3583 Prorrbetic.
562 3537 615 3581 Lib.
630 3537 663 3582 11.
678 3538 737 3581 Soet.
752 3536 787 3580 ΙΙ.
800 3551 824 3593 p.
842 3535 892 3580 lli.
907 3536 943 3579 ud.
958 3536 1024 3579 Fons.

183 3622 232 3681 (52)
249 3623 287 3666 Cf.
303 3623 389 3665 Annon
403 3622 431 3664 ad
444 3620 505 3662 hunc
518 3620 593 3662 locum
606 3622 667 3676 apul
680 3620 793 3664 roanos.

158 3710 161 3716 ’
183 3703 232 3762 (53)
248 3705 297 3746 1100
311 3717 392 3746 nomon
405 3703 484 3745 morbo
494 3702 607 3744 tributum
619 3715 649 3746 an
664 3711 756 3760 propter
769 3703 907 3746 salacitatem
921 3709 1039 3760 aegrorum
1059 3702 1146 3752 suerit,
1160 3704 1226 3745 salle

155 3783 245 3828 tutin:
261 3787 288 3829 do
301 3785 394 3827 libidine
408 3785 468 3827 enim
482 3783 614 3839 inexplebili
626 3784 718 3829 minime
731 3784 869 3828 conveniunt
881 3790 992 3829 unctores.

182 3869 230 3928 (54)
247 3872 340 3915 Cuneus.
356 3868 407 3910 Lib.
421 3867 467 3910 111.
481 3881 501 3910 e.
516 3866 616 3912 XXXV.
870 3864 919 3923 (55)
934 3865 1054 3910 Nruuuun.
1070 3865 1087 3908 l.
1101 3880 1123 3911 e.
1136 3881 1159 3923 p.
1177 3865 1228 3911 135.

182 3951 229 4012 (56)
245 3953 322 3998 Gneo.
337 3949 429 4002 ilonea.
443 3952 497 3995 ons.
529 3949 586 3995 mol.
603 3949 654 3998 Lib.
671 3951 729 3998 vlt.
744 3951 790 3993 obs.
805 3947 898 3995 Xt'ltt.
912 3949 977 4015 epist.
993 3951 1013 3992 J.
1028 3951 1057 3994 A.
1072 3950 1207 3994 llortrsno.
