2754 4710
656 467 861 526 ..42-

210 626 413 707 gritudincm‚
444 648 531 706 quem
551 628 759 688 carbunculant
778 637 890 689 vocant
912 627 959 708 (ἢν
979 629 1104 706 ἄνθρακα
1127 625 1291 706 καλοῦσιν),

210 735 441 817 praecaverent,
464 752 540 810 quae
566 733 598 791 in
618 733 813 812 praeputiatis
830 731 948 790 facilius
971 730 1136 791 oriebatur.
1180 731 1291 790 Secun-

209 835 247 894 do
265 836 331 893 loco
348 834 523 913 utcorporis
544 834 739 910 munditiem,
761 832 1052 912 quaesacerdotibus
1071 833 1173 904 dccet,
1189 853 1293 894 serva-

208 920 290 1000 rent:
315 942 403 1001 tertio
420 939 550 1018 denique
570 938 759 1000 circumcisio
776 937 1009 997 foecunditatem
1029 945 1201 1015 promovet,
1227 937 1294 1015 qnia

209 1065 309 1106 semen
324 1052 405 1103 recta
422 1045 588 1123 eiaculatur
601 1042 752 1122 integrum
769 1063 824 1102 nec
840 1040 976 1105 diffluens
994 1064 1048 1123 per
1064 1044 1148 1104 sinus
1168 1041 1295 1123 praepu-

208 1147 260 1222 tii;
282 1169 342 1227 quo
367 1148 418 1220 fir,
443 1158 476 1208 ut
494 1130 593 1227 gentes
619 1147 812 1207 circumcisae
830 1149 966 1207 omnium
983 1148 1144 1207 maximam
1160 1147 1296 1206 'habeant

209 1253 450 1313 foecunditatem.
494 1251 694 1330 Inquiramus,
713 1272 751 1310 au
769 1252 954 1312 Philorecte
975 1254 1018 1313 ita
1034 1252 1238 1330 judicaverit,
1261 1252 1296 1310 ab

209 1356 318 1417 ultimo
332 1366 507 1436 argumento
522 1356 645 1417 initium
669 1356 819 1416 facientes.

694 1509 721 1640 's
742 1561 792 1625 23.

250 1772 294 1831 De
324 1771 562 1833 circumcisionis
590 1772 727 1831 utilitate·
746 1769 784 1831 ed
804 1768 1037 1843 {secunditatem
1060 1768 1292 1848 promovendam

209 1877 299 1937 etiam
319 1885 420 1954 gentes
439 1875 632 1936 circumcisae
653 1873 830 1935 recentioris
856 1876 999 1952 temporis
1016 1874 1191 1953 loquuntur.
1216 1874 1297 1934 The·

208 1989 301 2041 venot
319 1978 386 2061 (34)
407 1979 500 2051 dicit,
524 1979 760 2041 Mubamedanos
782 1979 975 2041 circumcisos
994 1978 1180 2059 generationi
1198 1979 1297 2057 aptio-

207 2104 254 2144 res
270 2084 398 2158 habere,
421 2103 513 2163 qnam
533 2083 755 2162 praeputiatos:
779 2084 889 2144 Arabes
909 2085 991 2145 enim
1009 2085 1082 2143 adeo
1098 2085 1222 2164 longum
1240 2066 1297 2144 ha·-

206 2190 275 2248 bere
295 2189 509 2268 praeputium,
532 2197 584 2261 ut,
618 2188 679 2247 nisi
697 2198 793 2247 essent
810 2188 1005 2264 circumcisi,
1026 2188 1084 2248 hoc
1107 2188 1169 2246 illis
1186 2209 1295 2268 magno

206 2293 425 2372 impedimento
444 2302 518 2354 esset
548 2292 581 2351 in
601 2292 810 2371 generatione3
832 2291 936 2352 videre
956 2291 1035 2370 apud
1050 2291 1118 2349 illos
1136 2291 1209 2352 licet
1227 2312 1298 2371 par-

206 2398 292 2457 vulos
322 2418 449 2476 pueros,
480 2397 584 2476 quibus
613 2397 818 2476 longissimum
851 2396 967 2456 circum
988 2396 1124 2474 glandem
1140 2395 1296 2475 dependet.

210 2500 342 2562 Eandem
369 2501 532 2559 utilitatem
562 2501 789 2562 circumcisioni
813 2499 922 2559 tribuit
939 2499 1077 2559 Niebuhr
1100 2498 1189 2582 (35),
1211 2501 1295 2562 scili-

209 2613 274 2678 cet,
309 2613 343 2662 ut
369 2625 422 2682 per
442 2623 508 2662 eam
524 2604 562 2662 ad
578 2604 693 2664 coitmn
712 2603 804 2664 multi
824 2603 888 2663 viri
908 2605 972 2683 apti
993 2603 1075 2663 fiant.
1119 2605 1204 2664 Idem
1223 2606 1296 2666 citat

208 2709 415 2769 Christianum
435 2708 591 2787 quemdam
620 2709 654 2767 in
671 2709 744 2768 urbe
758 2708 853 2769 Mosnl
873 2708 1077 2782 habitantem,
1100 2709 1154 2786 qui
1172 2720 1295 2788 propter

205 2812 357 2892 praeputii
380 2811 596 2891 longitudinem
619 2812 733 2874 coitum
756 2833 816 2871 non
836 2812 901 2870 sine
923 2831 1029 2890 magno
1045 2810 1147 2869 dolore
1166 2812 1292 2890 perlice-

205 2921 392 2997 reputaret,
425 2937 481 2976 nec
500 2918 598 2978 ullum
619 2917 719 2979 adhuc
738 2940 808 2979 cum
835 2937 931 2976 uxore
948 2917 1095 2976 infantem
1113 2938 1292 2996 procreave-

205 3032 262 3082 rat.
304 3022 362 3082 Sed
382 3042 452 3081 cum
471 3023 641 3084 observatio
662 3023 845 3082 Thevenotii
863 3023 900 3081 d'e
914 3022 1046 3103 longiore
1060 3024 1192 3082 Arabum
1205 3046 1293 3104 prae«

205 3127 290 3207 putio
309 3147 370 3188 non
390 3128 522 3189 aliorum
544 3128 740 3188 confirmetur
770 3128 995 3205 observatione,
1019 3150 1149 3209 cumque
1163 3131 1223 3190 tale
1242 3133 1292 3190 vi-

205 3233 282 3292 tium
308 3232 342 3290 in
375 3234 445 3294 Asia
472 3235 664 3303 meridionali
696 3255 758 3294 non
777 3233 966 3311 frequentius
977 3279 987 3311 ,
1009 3253 1099 3312 quam
1122 3233 1157 3293 in
1174 3233 1296 3314 Europa

207 3345 367 3413 occurrat,
389 3348 531 3407 nonest,
554 3360 609 3398 cnr
626 3338 782 3401 credamus
791 3385 800 3415 ‚
822 3337 902 3398 hanc
920 3338 957 3399 ob
983 3358 1118 3399 caussam
1137 3337 1227 3399 luisse
1245 3339 1295 3399 in·

207 3441 341 3501 stitutam
363 3442 622 3502 circumcisionem
651 3443 729 3525 (36).
770 3441 855 3514 Quin
873 3441 936 3521 ipse
955 3439 1094 3501 Niebuhr
1113 3440 1188 3500 dicit
1208 3439 1294 3523 (37),

207 3545 333 3605 nimiam
353 3546 572 3627 longitudinem
590 3547 741 3629 praeputii
758 3545 884 3605 minime
903 3543 983 3624 apud
1002 3564 1103 3603 omnes
1126 3545 1236 3619 Arabes
1245 3566 1294 3603 oc-

206 3672 345 3740 currere:
363 3638 397 3712 'se
427 3653 553 3730 vidisse,
575 3654 642 3730 ait,
663 3656 697 3712 in
715 3653 824 3713 itinere
850 3653 890 3711 ah
916 3651 987 3710 urbe
1007 3650 1122 3731 Bagdad
1141 3652 1176 3712 ad
1198 3651 1292 3731 blosnl

205 3783 408 3795 unu—un*

240 3826 289 3885 (db)
305 3828 447 3875 Tartaron,
465 3827 561 3874 Reizen,
579 3823 686 3877 (Nederd.
701 3831 771 3882 vert.)
789 3828 869 3873 Amse.
887 3829 951 3872 1681.
968 3845 992 3886 p.
1010 3829 1046 3872 71.

241 3905 288 3965 (35)
306 3906 431 3958 Nrauunn,
448 3907 540 3950 Beschr.
557 3920 602 3949 vcu
616 3906 724 3952 Arubien.
741 3926 763 3967 p,
780 3910 815 3954 78,

241 3989 288 4047 (dd)
307 3993 446 4041 Mrcus'e'urs,
465 3993 522 4035 utos.
540 3991 606 4044 nega
623 3992 667 4034 tv.
685 4005 708 4046 p.
725 3994 761 4039 39.
910 3993 956 4050 (37.)
978 3994 1096 4039 Nissen.
1114 3994 1130 4038 l.
1147 4008 1167 4036 c.
1185 4008 1208 4050 p.
1226 3993 1262 4037 te.
