2724 4702
545 461 664 522 ..75
705 493 740 507 .-

79 672 87 686 .
146 620 289 696 blichildis,
324 624 435 684 infitias
462 624 519 684 ibit
544 644 644 693 nemo,
678 624 731 704 qui
751 623 878 702 cogitet,
901 623 1037 684 omnibus
1059 623 1189 699 morbis,

144 728 240 788 etiamsi
257 740 318 812 post
337 740 464 790 mortem
485 729 586 788 nullae
606 729 761 808 organicae
781 728 964 788 mutationes
984 728 1191 798 offendantur,

145 832 251 910 partium
287 834 449 894 solidarum
486 843 517 892 et
545 832 708 892 fluidarum
739 831 998 910 reproductionem
1035 833 1194 910 valdopere

144 937 245 1016 vitiari,
273 939 346 998 adeo
371 949 406 999 ut
426 939 533 998 talium
554 937 733 996 animalium
754 955 823 994 caro
849 955 955 995 sanum
974 935 1197 993 nutrimentum
1218 944 1222 951 “

145 1042 256 1119 praebere
275 1053 414 1124 nequeat.
456 1044 536 1104 lianc
555 1042 742 1101 diaetcticam
763 1050 864 1100 tamen
885 1061 946 1099 non
968 1039 1087 1098 unicam
1104 1039 1195 1117 hujus

146 1146 200 1226 legis
222 1171 351 1210 caussam
381 1151 491 1221 fnisse,
512 1168 551 1207 ex
571 1168 606 1206 eo
627 1147 773 1222 conficio,
794 1146 874 1225 qnod
894 1147 984 1205 talem
1002 1165 1122 1205 carnem
1144 1165 1196 1223 pe-

145 1253 248 1330 regrinis
283 1255 494 1314 comedendam
525 1253 595 1311 dare
633 1251 776 1310 Israelitis
807 1251 917 1310 licebat
948 1249 1036 1330 (¹10),
1067 1270 1197 1328 qnorum

144 1375 243 1436 corpora
271 1359 435 1420 certissime
466 1359 591 1417 minime
621 1356 819 1415 incommodis
848 1377 888 1416 ex
923 1357 992 1415 talis
1022 1355 1119 1415 carnis
1143 1375 1198 1413 esu

130 1461 255 1522 oriundis
282 1463 431 1523 immunia
456 1473 661 1540 remanerent,
693 1486 794 1525 caussa
821 1466 895 1527 baec
916 1487 1062 1546 quaenam
1083 1465 1196 1539 suerit,

144 1563 251 1626 iudicare
283 1568 361 1626 mibi
392 1568 515 1629 videtur
542 1570 604 1650 ipse
632 1571 794 1650 legislator:
826 1571 919 1630 uestis
938 1573 1043 1646 enim,
1075 1569 1195 1649 inquit,

144 1666 249 1729 lehome
278 1672 338 1730 lieo
364 1683 464 1732 vestro
493 1694 575 1733 sacer·
604 1676 764 1756 populns.'’
807 1675 853 1734 nd
883 1676 960 1753 leges
980 1673 1107 1734 cibarios
1127 1673 1199 1732 duas

145 1771 213 1832 etiam
241 1776 414 1835 referendae
443 1778 604 1837 videntur:
644 1783 683 1838 1⁰.
716 1780 769 1837 illa
798 1778 835 1836 de
864 1779 1045 1838 abstinentia
1077 1777 1114 1835 ab
1145 1798 1199 1836 esu

145 1874 232 1956 adipis,
254 1893 285 1941 et
306 1885 350 1941 2⁰.
383 1882 435 1940 illa
467 1883 503 1941 de
532 1883 714 1943 abstinentia
741 1907 758 1942 a
786 1884 938 1964 sanguinis
969 1903 1031 1942 esu.
1072 1882 1136 1941 Lex
1162 1881 1198 1939 de

149 1979 216 2061 dipis
244 2006 297 2045 esu
316 1986 426 2066 legitur
446 1987 497 2047 111.
525 1988 596 2047 Mos.
618 1987 682 2048 vlt.
702 1990 839 2049 23-25:
862 1988 933 2046 licet
954 1988 1010 2046 boc
1030 1988 1096 2046 loco
1115 1985 1199 2045 dica·

152 2090 197 2145 tn:
223 2108 237 2149 n
245 2089 335 2148 Nullo
362 2089 448 2169 adipe
482 2090 646 2149 vescemini
652 2094 684 2167 ,''
719 2113 781 2151 non
813 2091 993 2155 credendum
1027 2099 1086 2162 est,
1123 2092 1199 2149 banc

63 2186 65 2191 ⁸
149 2185 215 2268 bem
243 2195 279 2253 de
311 2195 394 2254 omni
422 2195 508 2275 adipe
539 2196 640 2255 valere
670 2194 757 2274 (tl),
791 2194 841 2254 sed
869 2193 1076 2255 tantummodo
1107 2194 1144 2252 de
1164 2215 1199 2254 eo

109 2348 112 2357 .
147 2290 314 2358 victimarum
335 2298 437 2378 adipe,
461 2301 515 2378 qui
536 2300 569 2358 iu
588 2321 640 2358 ara
660 2300 847 2377 adoleretur,
870 2300 989 2361 scilicet
1007 2299 1044 2358 de
1061 2308 1180 2359 omento
1190 2345 1199 2375 ,

146 2399 211 2460 atde
229 2403 314 2483 adipe
335 2423 452 2479 renum,
472 2405 685 2464 intestinorum
706 2415 736 2464 et
754 2405 857 2464 orium
878 2402 1001 2474 caudae,
1027 2422 1105 2484 qnae
1132 2423 1203 2482 par·
1239 2434 1241 2438 Α

147 2503 462 2586 tatehovaeimprimis
481 2528 581 2567 sacrae
600 2507 848 2575 existimabantur
868 2507 933 2589 (lll·
957 2508 1029 2568 Mos.
1048 2507 1099 2569 Ill.
1124 2496 1202 2566 lli-3

148 2601 240 2671 Ι111.
261 2610 326 2671 VH.
348 2610 422 2687 25.).
463 2613 613 2691 Suspioari
640 2620 742 2670 nmen
762 2610 850 2687 licet,
874 2611 919 2670 uti
940 2609 1030 2672 etiam
1051 2612 1101 2670 vir
1121 2609 1201 2669 Clar.

146 2702 237 2774 Pareau
256 2715 393 2773 observat
410 2714 445 2794 (l.
465 2714 522 2794 c.),
547 2715 695 2776 israelitas
714 2726 780 2776 tnm
801 2736 921 2796 quoque
942 2716 979 2774 ab
999 2716 1090 2793 hujus
1109 2714 1204 2794 adipis

146 2827 184 2870 esu
206 2821 395 2896 abstinuisse,
425 2824 452 2880 si
481 2821 554 2882 haec
582 2823 724 2881 animalia
753 2821 786 2879 iu
807 2843 877 2880 usus
896 2820 1071 2878 domesticos
1092 2829 1205 2878 macta·
1242 2816 1245 2823 ’

145 2929 205 2981 rent,
242 2924 328 2984 Hanc
348 2924 441 3005 legem
462 2925 495 2984 in
515 2925 619 2986 calidis
639 2927 686 2986 bis
707 2924 896 3005 regionibus,
919 2923 971 2984 ubi
990 2923 1079 2982 facile
1108 2920 1204 2980 morbi

145 3028 244 3086 tatami
282 3027 439 3098 oriuntur,
476 3029 601 3089 eandem
630 3031 819 3091 diaeteticam
848 3028 1037 3103 utilitatem,
1064 3045 1155 3104 quam
1187 3045 1206 3081 a

144 3142 215 3191 ctrue
233 3134 550 3212 snillaabstinentiam,
573 3134 708 3196 babuisse
718 3181 728 3212 ,
749 3138 816 3196 veri
846 3145 890 3195 est
910 3133 1007 3192 simile
1029 3129 1108 3213 (42).
1129 3132 1204 3190 Gra·

123 3228 180 3290 ''Vla
204 3246 304 3296 tamen
334 3258 429 3318 poena
456 3239 513 3300 nde
542 3260 668 3299 numero
697 3260 819 3301 suorum
848 3238 956 3315 tolli,''
998 3255 1073 3316 quae
1102 3235 1204 3314 itaque

143 3331 334 3421 impuritatem
354 3364 394 3404 ex
413 3364 464 3404 esu
485 3346 582 3404 carnis
602 3344 707 3404 suillae
726 3345 812 3425 longe
833 3341 992 3424 superabat
1001 3387 1010 3416 ,
1032 3360 1086 3399 nos
1106 3338 1202 3418 cogit,

143 3449 170 3500 ut
192 3448 362 3524 credamus,
395 3448 582 3508 diaeteticam
614 3449 778 3508 utilitatem
804 3447 896 3524 hujus
928 3445 999 3524 legis
1029 3443 1124 3522 magis
1144 3461 1204 3501 esse

142 3552 334 3611 accessorium:
356 3552 449 3631 legem
469 3572 543 3612 vero
562 3551 661 3632 potius
680 3549 866 3610 sanctitatem
887 3547 1101 3608 sacrificiorum
1120 3565 1205 3627 speo-

142 3654 202 3714 tne.
243 3656 323 3728 Quid
352 3665 451 3716 antem
478 3656 514 3715 de
543 3656 636 3715 altera
665 3656 743 3735 lege,
777 3653 892 3714 scilicet
911 3653 947 3711 de
968 3651 1149 3712 abstinentia
1169 3651 1205 3710 ub

142 3797 328 3820 *nn*-

167 3897 208 3955 (to)
223 3904 253 3946 V.
271 3904 328 3946 Mos.
346 3901 413 3946 XIV.
430 3900 466 3943 20.

166 3981 207 4040 (41)
223 3987 243 4028 J.
260 3986 290 4028 11.
308 3986 418 4034 Pirria,
435 3983 568 4037 Antiquitas
583 3983 704 4025 llebraica.
721 3983 781 4025 Edit.
797 3983 877 4026 altera.
897 3980 961 4026 1823.
979 3998 1002 4050 Ρ.
1021 3982 1071 4026 251.

167 4063 430 4120 (innumeremus.
448 4068 512 4122 negt.
530 4067 573 4111 111.
591 4080 614 4121 p.
632 4066 682 4111 226.
699 4084 729 4095 -
744 4056 859 4114 Paucos
871 4063 888 4107 l.
905 4080 924 4107 c.
