2754 4710
202 800 338 880 Legimus
367 800 416 881 (ll.
445 800 515 880 Reg.
538 800 597 861 llll.
619 802 645 860 l.
669 821 714 882 sq.
735 799 780 860 Cf.
800 800 844 860 Es.
862 789 1019 862 Xlllllllll.
1042 804 1067 875 l,
1090 803 1118 862 ll
1139 805 1251 866 Chron.

163 903 281 966 XXXlI.
304 903 358 985 211)
379 918 478 985 regem
508 903 666 964 Ezechiam
693 902 845 963 lethaliter
863 915 1044 985 aegrotasse,
1066 908 1105 965 ad
1120 929 1251 990 eumque

124 1069 128 1076 .
161 1014 277 1072 venisse
296 1012 421 1093 Esayam
443 1020 565 1087 vatem,
586 1011 616 1068 ei
633 1008 764 1071 Jehovae
783 1009 923 1070 mandato
945 1012 1156 1090 nuntiantem,
1180 1036 1249 1076 eum

162 1116 345 1177 moriturum
357 1164 367 1192 ,
400 1135 497 1194 neque
519 1114 759 1188 convaliturum3
784 1134 879 1193 quum
902 1134 973 1173 vero
992 1135 1048 1174 rex
1068 1137 1250 1199 magnopere

161 1220 198 1279 ad
208 1223 308 1281 Deum
326 1220 581 1300 essetdeprecatus
588 1263 596 1295 ,
612 1218 691 1277 idem
704 1217 823 1298 Esayas,
832 1220 920 1296 jussu
932 1219 1073 1297 Jehovae,
1088 1223 1116 1280 ei
1127 1200 1250 1284 annun·

159 1326 250 1386 tiavil
267 1327 332 1404 ejus
348 1325 441 1385 aetati
454 1323 626 1403 quindecim
644 1344 738 1382 annos
755 1323 871 1382 additos
884 1324 941 1382 iri:
962 1325 1158 1400 jussitantetn
1170 1349 1248 1388 mas-

159 1451 221 1488 sam
235 1430 347 1490 ficuum
366 1429 460 1501 sumi,
482 1407 608 1508 eamque
628 1427 720 1487 ulceri
742 1425 879 1504 imponi,
900 1429 1040 1510 quosacto
1060 1430 1112 1488 ille
1132 1453 1244 1493 conva-

159 1532 228 1592 luit.
268 1534 316 1595 Au
344 1535 458 1592 sanatio
492 1529 597 1590 haecce
625 1529 830 1610 cataplasmati
854 1530 965 1590 ficttnm
997 1542 1041 1592 est
1065 1534 1242 1622 tribuenda,

158 1635 233 1695 adeo
253 1647 287 1696 nt
310 1651 416 1696 revera
441 1645 539 1716 partes
561 1635 669 1693 medici
689 1634 784 1714 egerit
801 1634 936 1714 Esayasl
978 1637 1067 1709 Quod
1091 1649 1125 1697 ut
1144 1640 1241 1702 dicere

158 1758 316 1817 queamus,
343 1759 458 1800 necesse
475 1749 536 1815 eet,
558 1747 611 1815 ut,
644 1720 788 1818 quaenam
813 1739 909 1798 morbi
930 1740 1022 1800 suerit
1045 1752 1174 1821 natura,
1197 1747 1240 1806 in-

158 1844 302 1907 dicemus.
344 1843 469 1905 Ile·hac
490 1854 596 1903 natura
622 1853 722 1903 tamen
745 1843 799 1903 vix
821 1843 937 1924 aliquid
954 1857 1086 1924 constat,
1110 1850 1170 1910 nisi
1190 1852 1236 1928 id,

159 1950 296 2010 morbum
317 1970 438 2029 gravem
458 1948 565 2009 fuisse:
589 1968 657 2006 nam
671 1966 746 2009 ttrex
763 1948 916 2009 lethaliter
927 1954 1113 2030 aegrotavit:
1128 1958 1237 2015 '’enm-

159 2075 218 2134 que
245 2056 310 2115 sive
342 2075 410 2114 cum
441 2053 542 2112 ulcere
567 2051 800 2131 complicatum,
835 2056 898 2113 sive
930 2075 985 2136 per
1014 2056 1233 2141 ulcerationeut,

155 2159 205 2218 vel
215 2206 224 2236 ,
247 2161 271 2218 si
291 2159 401 2235 mavis,
424 2177 478 2236 per
497 2156 744 2237 suppurationem
763 2157 961 2218 terminatum
981 2159 1081 2221 fuisse.
1104 2154 1232 2224 An’haee

153 2263 317 2340 sufficiant,
348 2272 383 2321 ut
408 2259 547 2321 morbum
568 2258 709 2336 anginam
741 2259 831 2320 fuisse
851 2261 1074 2343 existimemus,
1104 2267 1150 2325 uti
1170 2267 1236 2329 tecit

155 2367 349 2426 Bartholinus
377 2365 449 2448 (ψ
478 2364 557 2438 Qui,
584 2372 619 2420 ut
645 2362 723 2423 hanc
750 2362 905 2444 diagnosin
925 2366 1043 2443 firmet,
1079 2369 1152 2443 citat
1179 2371 1233 2431 les.
1260 2441 1264 2451 ¹

155 2468 324 2530 xxxvllt·
347 2470 401 2541 lt,
433 2467 485 2527 ubi
505 2467 580 2526 dicit
601 2465 759 2541 Ezechias,
789 2487 820 2524 se
841 2467 875 2526 in
896 2467 986 2529 hocce
1008 2471 1112 2532 morbo
1129 2473 1232 2534 hirun-

152 2571 233 2632 dinis
250 2572 391 2653 gruisqne
408 2573 474 2639 ritu
496 2570 636 2645 stridere,
659 2579 825 2648 gementem
845 2581 880 2630 nt
897 2573 1083 2657 columbam,
1105 2598 1183 2657 quae
1200 2576 1234 2637 ad

152 2693 257 2736 vocem
280 2677 446 2758 pipientem
471 2685 502 2734 et
523 2675 606 2754 quasi
631 2673 802 2735 sibilantem
820 2677 946 2758 anginae
973 2690 1124 2758 spectare,
1159 2682 1228 2744 dicit

151 2790 264 2839 auctor.
306 2780 454 2860 Equidem
477 2774 569 2838 verba
591 2776 682 2855 hujus
700 2777 809 2858 hymni
829 2803 889 2863 non
908 2786 1008 2863 magni
1026 2788 1172 2847 momenti
1181 2789 1230 2847 ha·

150 2883 204 2942 heo
224 2885 261 2943 ad
286 2883 440 2963 diagnosin
459 2882 549 2961 hujus
570 2880 683 2940 morbi:
715 2885 765 2944 sed
782 2886 900 2945 etiamsi
918 2896 1032 2963 essent,
1050 2898 1154 2950 ‘tamen
1176 2909 1230 2954 vox

149 2990 202 3049 illa
224 2993 358 3072 pipiens,
381 2989 523 3061 stridula,
547 3008 609 3049 non
632 2987 668 3046 ad
693 2974 834 3067 anginam
852 2988 1078 3069 pharyngeam,
1103 2995 1230 3074 quaein

146 3095 311 3156 abscessum
342 3107 395 3156 aut
422 3095 669 3176 suppurationem
701 3093 784 3154 exire
815 3105 916 3172 amat,
943 3096 1090 3174 pertinet,
1126 3098 1177 3160 sed
1196 3097 1228 3160 ad

145 3199 336 3280 laryngeam‚
375 3220 452 3280 quae
481 3198 580 3278 potius
608 3198 641 3256 in
667 3197 891 3286 exsudationern
923 3199 1064 3280 lymphae
1090 3202 1228 3281 plasticae

144 3305 264 3363 transit.
305 3307 403 3379 Quam
412 3304 532 3363 difficile
554 3304 603 3379 sit,
625 3323 662 3362 ea
683 3303 737 3379 iis,
758 3288 833 3383 quae
855 3305 888 3362 in
908 3305 999 3365 sacris
1016 3306 1176 3370 codicibus
1194 3311 1227 3370 de

143 3403 200 3465 hoc
222 3408 326 3466 morbo
346 3417 527 3480 narrantur,
547 3406 663 3486 aliquid
681 3407 754 3465 certi
771 3407 808 3466 de
828 3408 897 3487 ejus
911 3421 1021 3470 natura
1039 3389 1222 3499 concludere,

143 3521 226 3590 patet
255 3533 294 3571 ex
322 3513 417 3573 variis
442 3523 474 3571 et
499 3513 722 3591 quammaxime
749 3534 766 3571 a
795 3534 825 3574 se
849 3515 982 3576 invicem
1003 3494 1223 3597 differentibus,

145 3634 219 3693 quas
232 3614 268 3673 de
286 3636 320 3674 eo
336 3617 370 3674 in
389 3617 518 3676 medium
536 3616 729 3695 protulerunt
743 3630 893 3697 auctores,
915 3623 1115 3702 opinionibus.
1150 3627 1222 3688 Nam

142 3718 188 3776 uti
207 3699 400 3780 Bartholinus
418 3721 454 3778 de
474 3719 582 3799 angina
610 3721 756 3800 loquitur,
782 3724 824 3784 sic
846 3727 951 3787 Petrus
973 3727 1122 3809 Hispanus
1145 3733 1221 3815 (pos-

172 3962 204 4019 (l)
221 3963 365 4007 Bratnonrn.
383 3962 408 4005 de
424 3963 506 4004 morbis
522 3963 624 4006 Biblieis.
645 3979 668 4020 p.
685 3967 721 4009 62.
