2754 4710
568 430 787 489 -1112-

145 606 269 670 rantur,
302 593 464 652 convenire
485 590 653 666 crederem,
676 611 765 671 quam
788 593 914 652 alteram
933 594 1016 654 illam
1035 597 1072 656 de
1092 598 1216 659 Hercule

143 701 268 761 medico.
309 698 349 757 At
373 696 583 776 explicationes
615 695 706 773 hujus
726 696 825 776 mythi
843 699 905 777 ipse
924 721 985 758 non
1004 703 1086 761 tanti¹
1100 703 1233 778 habeo,

143 819 173 866 et
195 807 293 886 potius
316 803 517 863 narrationem
536 801 573 864 de
589 801 738 861 Alcestide
754 821 793 861 ex
811 812 907 862 morte
924 805 961 862 ab
981 803 1111 866 Hercule
1131 829 1219 868 revo-

143 919 209 971 cata
235 910 274 968 ad
302 909 369 968 illas
393 907 600 986 hyperbolicas
617 906 803 965 narrationes
824 908 987 987 referrem,
1012 933 1086 990 quas
1102 913 1139 972 de
1158 916 1219 974 suis

143 1016 283 1076 homibus
309 1013 476 1094 saepissime
504 1011 659 1070 finxerunt
684 1010 798 1073 Graeci.
842 1013 1101 1085 Quemadmodum
1118 1030 1219 1081 autem

143 1119 302 1182 Herculem
331 1119 492 1179 Cerberum
518 1137 557 1176 ex
580 1117 659 1177 Orco
686 1116 876 1176 reducentem
906 1119 1068 1194 dixerunt,
1092 1144 1222 1207 euntque

144 1245 205 1284 non
230 1223 326 1282 solum
352 1220 542 1296 homiuibus,
563 1220 613 1280 sed
634 1222 724 1280 etiam
744 1221 806 1280 Diis
823 1223 1043 1285 immortalibus
1062 1229 1218 1306 profuisse,

143 1331 242 1408 iisque
256 1331 288 1388 in
306 1327 466 1388 certamine
486 1345 555 1386 cum
571 1325 746 1405 Gigantibus
763 1348 848 1406 opem
866 1329 967 1388 tulisse
975 1331 1129 1392 linxerunt
1140 1334 1219 1416 (69),

144 1434 186 1493 ita
204 1452 258 1512 per
275 1430 398 1490 eandem
418 1431 672 1508 exaggerationem
698 1441 879 1508 narrarunt,
911 1436 1068 1496 mortalem
1085 1458 1123 1496 ex
1140 1440 1223 1501 Orco

143 1557 296 1599 revocasse
317 1535 462 1607 eundem,
493 1534 546 1614 qui
571 1535 645 1594 Orci
667 1535 817 1595 custodem
843 1557 943 1598 secum
960 1540 1101 1604 duxisset.
1155 1547 1223 1608 Non

145 1645 189 1702 ita
205 1641 352 1700 medicina
367 1649 442 1703 tunc
460 1641 620 1718 temporis,
642 1659 703 1718 quo
719 1647 834 1699 veteres
843 1642 955 1702 vixisse
970 1643 1133 1706 Herculem
1149 1671 1223 1710 cou-

144 1745 325 1820 tenderunt,
358 1743 566 1819 exercebatur,
595 1742 845 1822 quemadmodum
870 1765 917 1806 res
933 1748 1023 1807 abeo
1041 1762 1137 1829 gestae
1154 1776 1226 1814 nar.

144 1859 268 1910 rantur:
305 1869 367 1908 non
390 1850 471 1908 enim
499 1850 633 1907 Deorum
656 1848 735 1906 iram
761 1850 907 1928 placando
934 1856 1084 1916 sacrificiis
1111 1861 1226 1921 lustra-

145 1955 352 2034 tionibusque,
387 1954 438 2017 sed
476 1963 596 2013 strenue
631 1975 766 2033 pugnans
793 1954 930 2018 homines
954 1963 1042 2022 malis
1071 1964 1225 2027 liberavit.

146 2060 212 2119 Non
240 2059 284 2119 ita
311 2059 525 2138 Aesculapius,
557 2057 741 2138 Melampus,
771 2061 941 2142 caeterique
962 2063 1052 2142 hujus
1071 2069 1141 2128 aevi
1162 2091 1227 2130 me-

146 2163 227 2240 dici,
258 2184 388 2244 quorum
426 2162 595 2222 curationes
624 2161 709 2242 longe
738 2164 798 2222 alio
827 2168 916 2226 modo
945 2183 1137 2236 enarrantur.
1195 2179 1229 2238 Si

145 2278 247 2337 autem
277 2268 428 2328 medicum
457 2267 625 2327 habuissent
651 2275 767 2327 veteres
802 2269 975 2350 Herculem,
1007 2275 1094 2336 heros
1126 2292 1232 2342 noster

147 2372 227 2452 apud
247 2371 425 2451 Sophoclem
455 2391 516 2429 non
544 2370 669 2430 dixisset
696 2371 872 2448 Philocteti,
905 2398 935 2436 se
965 2381 992 2438 ei
1014 2382 1232 2464 Aesculapium

147 2475 308 2536 missurum
342 2471 420 2556 (70).
460 2475 556 2552 lgitur
584 2494 638 2532 nec
666 2475 699 2532 in
727 2475 794 2551 his,
816 2480 925 2538 necin
946 2485 1068 2543 caeteris
1091 2485 1235 2551 Herculis

146 2578 235 2646 sactis
254 2577 371 2659 aliquid
391 2575 492 2634 videre
512 2596 652 2655 possum,
675 2577 755 2653 quod
774 2580 811 2638 ad
832 2583 939 2643 medici
961 2607 1068 2647 nrunus
1092 2604 1234 2669 spectare

149 2681 280 2758 videtur,
291 2681 342 2740 sed
361 2679 461 2756 credo,
469 2680 655 2752 recentiores,
669 2681 733 2740 sive
745 2701 891 2745 eumcum
912 2688 1000 2747 Idaeo
1020 2691 1144 2752 hercule
1156 2718 1233 2756 con-

128 2768 130 2773 *
150 2787 318 2863 fundentes,
332 2785 575 2847 sirenominibus
596 2789 765 2856 ἁλεξικάκος
784 2794 1022 2872 εῑάποτροπαίος
1042 2807 1115 2855 caet.
1123 2798 1160 2858 in
1182 2821 1234 2860 ef.

146 2914 247 2959 rorem
263 2892 377 2968 ductos,
397 2912 466 2960 eum
486 2901 631 2971 tanquam
653 2891 824 2954 morborum
844 2896 1062 2976 depulsatorem
1082 2902 1236 2966 adorasse.

149 3003 182 3065 Si
201 3012 302 3063 autem
322 3022 419 3082 neque
438 3003 567 3063 Paeones
586 3001 620 3060 in
642 3001 778 3061 Herculis
797 3001 941 3061 honorem
967 3005 1142 3083 compositi,
1176 3030 1235 3069 ne.

149 3129 207 3189 que
226 3127 389 3187 cognomen
406 3107 506 3187 ipsum
523 3106 690 3184 Aesculapii
710 3104 737 3165 ei
759 3127 777 3163 a
797 3107 950 3166 nonnullis
976 3110 1122 3170 traditum
1153 3115 1238 3175 mihi

149 3195 346 3274 sufficientem
373 3212 522 3270 rationem
553 3211 693 3290 praebere
723 3218 861 3288 possunt,
885 3201 948 3270 'cur
977 3231 1045 3271 eum
1076 3215 1235 3278 medicum

150 3317 270 3377 heroem
296 3315 508 3396 pronuntiem,
529 3336 583 3394 per
606 3335 637 3374 se
655 3322 757 3394 patet,
781 3313 908 3401 eundem
926 3315 1050 3375 minime
1067 3318 1163 3378 talem
1184 3342 1237 3382 me

150 3424 303 3485 declarare
317 3443 404 3502 posse
418 3424 594 3501 propterea,
617 3419 696 3498 quod
717 3426 833 3477 veteres
852 3416 880 3474 ei
898 3411 1033 3479 thermas
1054 3441 1114 3480 esse
1133 3444 1238 3487 sacras

150 3526 384 3606 perhibuerunt·
421 3524 571 3584 Thermae
584 3524 622 3583 ab
638 3523 692 3582 illo
709 3539 818 3581 nomeu
838 3519 974 3582 habuisse
994 3523 1137 3585 videntur
1151 3529 1236 3610 (71),

153 3680 390 3693 -ι-ῇ-

181 3748 229 3804 (69)
246 3749 316 3790 Dion.
330 3747 377 3792 διο.
392 3747 444 3790 Lib.
459 3747 504 3793 IV.
517 3761 538 3790 c.
553 3745 588 3791 15.
605 3748 644 3800 (Τ.
662 3747 681 3790 l.
696 3762 717 3803 p.
733 3747 804 3802 261.).

180 3828 230 3888 (70)
246 3830 312 3872 sors.
328 3828 389 3876 Phil.
406 3826 462 3872 1415
474 3842 508 3882 sq.
822 3830 824 3834 ⁴

181 3908 230 3967 (71)
245 3909 339 3952 Arnus.
353 3910 405 3954 Lib.
420 3911 480 3954 XII.
499 3892 524 3966 p)
537 3909 590 3956 512.
606 3912 640 3956 ed.
656 3884 757 3956 Castus,
775 3915 849 3957 Etiam
870 3889 928 3970 aput
948 3916 1122 3971 Aristophanem
1151 3920 1237 3964 balnea

153 4015 266 4063 Herculea
279 3990 399 4071 (λουτρὰ
425 3989 599 4071 Ἡράκλεια)
615 4023 757 4070 opponuntur
770 4015 859 4073 frigidis
876 3995 1000 4078 (Ψυχρᾶ)
1017 4018 1090 4098 (Nob²
1102 4033 1136 4065 vt.
1148 4022 1240 4082 1017.).
