2754 4710
603 452 784 514 ,g-

146 639 185 678 ex
202 620 329 700 virium}
338 617 552 699 prostratione,
576 617 640 674 sive
661 615 758 675 subita
774 634 813 674 ex
830 615 1031 694 perforatione
1058 618 1232 681 tunicarum

145 724 370 783 intestinorum.
412 721 611 800 Caeteroquiu
630 720 733 800 negari
754 721 879 799 nequit,
903 742 985 781 casus
1005 743 1178 799 occurrere,
1201 727 1232 786 in

146 826 253 907 quibus
273 825 804 907 nortl}solum'flpseudomembranae,
826 824 875 882 sed
897 846 1003 884 revera
1019 826 1233 889 intestinorum

145 931 299 1011 portiones
330 951 384 1010 per
409 951 502 990 anum
528 939 599 988 sunt
620 939 780 989 evacuatae
802 926 887 1012 (12):
913 931 962 989 sed
982 954 1043 991 non
1067 933 1172 1007 credo,
1196 937 1233 994 ad

144 1033 335 1115 hossstorami
358 1035 497 1093 morbum
516 1053 576 1092 esse
593 1033 795 1094 referendum.
829 1036 915 1094 Tales
935 1037 1149 1096 intestinorum
1164 1061 1232 1118 por-

145 1139 342 1218 tionesfenim
361 1140 423 1199 sere
443 1155 558 1218 semper
578 1141 753 1218 praegressis
770 1141 823 1199 ilei
842 1143 1090 1222 symptomatibus
1105 1166 1234 1206 cvacua-

144 1245 272 1320 bantur,
295 1245 377 1324 etssliu
385 1243 541 1322 'plerisque
554 1244 669 1303 casibus
686 1247 848 1305 antediem
860 1248 1062 1328 tripesimum,
1074 1261 1233 1332 postquam

76 1408 78 1413 ,
145 1350 242 1410 morbi
252 1349 351 1430 prima
363 1358 561 1428 symptomata
571 1370 632 1408 sese
653 1351 910 1429 palamsecerunt:
926 1354 1041 1414 torami
1052 1357 1171 1415 morbus
1181 1376 1234 1416 au-

148 1467 210 1516 tem
226 1476 282 1535 per
307 1454 471 1512 biennium
487 1453 628 1528 dinavit,
650 1453 774 1532 ideoque
784 1457 884 1534 potius
895 1457 1070 1518 chronicum
1080 1460 1235 1521 decursum

145 1560 259 1619 habuit:
282 1569 435 1639 praeterea
452 1559 489 1617 tle
499 1559 822 1620 morboiutestinorum
833 1565 1041 1622 tautummodo
1057 1576 1102 1625 est
1117 1589 1232 1642 sermo,

147 1685 253 1725 verum
263 1684 324 1722 non
337 1663 373 1721 de
384 1662 501 1720 vomitu
513 1663 659 1742 pertinaci
671 1711 680 1739 ‚
701 1664 754 1745 qui
764 1665 855 1724 ileum
866 1669 1061 1727 concomitari
1073 1672 1155 1730 solet.

669 1814 735 1893 §a

187 1971 274 2029 Tales
308 1970 441 2039 morbos,
474 1968 512 2025 de
540 1967 645 2047 quibus
674 1966 762 2024 modo
781 1969 871 2028 locuti
891 1990 1013 2044 sumus,
1033 1972 1084 2049 qui
1106 1973 1143 2030 ab
1160 1975 1232 2051 ipsis

146 2075 277 2136 Jehovae
297 2075 415 2134 vatibus
432 2081 518 2131 erant
531 2072 726 2148 annuntiati,
746 2094 806 2131 nou
826 2075 942 2152 potuit,
963 2075 1039 2154 quin
1061 2075 1124 2135 irae
1145 2078 1234 2138 teho-

145 2203 202 2242 vae
225 2180 407 2254 tribuerint,
441 2179 514 2237 adeo
530 2188 564 2235 ut
585 2178 680 2256 ipsam
699 2188 812 2255 pestem
831 2181 992 2258 angelum,
1011 2182 1064 2259 qui
1089 2183 1233 2260 populum

145 2283 345 2365 percutiebat,
363 2290 507 2342 vocarent
529 2280 579 2360 (tl.
601 2281 682 2339 Sam.
703 2283 813 2344 XXIV.
836 2284 913 2364 tul,
935 2285 1011 2344 unde
1036 2273 1150 2347 factum
1172 2301 1233 2365 est,

145 2401 179 2449 ut
198 2400 228 2448 et
246 2389 320 2446 alios
337 2387 472 2456 morbos,
493 2384 564 2442 licet
584 2404 645 2441 non
666 2394 808 2464 tanquam
830 2408 941 2464 poenae
958 2401 1055 2450 essent
1071 2396 1235 2452 annuntia-

145 2496 186 2566 ti,
207 2513 225 2549 a
243 2491 358 2554 ,lehova
378 2489 528 2546 immissos·
544 2507 604 2545 esse
627 2488 771 2548 dicerent.
814 2492 864 2553 Sic
886 2492 922 2550 de
944 2496 1047 2552 morbo
1070 2496 1123 2553 illo
1152 2519 1235 2557 meu-

144 2598 218 2672 tali,
247 2617 307 2674 qoo
336 2613 390 2652 rex
419 2591 525 2652 Saulus
545 2590 667 2651 affectus
687 2603 750 2669 est,
774 2615 923 2673 quemque
942 2597 1079 2676 plerique
1098 2612 1235 2661 auctores

144 2700 374 2764 melancholiam
397 2697 484 2756 luisse
506 2696 693 2756 arbitrantur
714 2697 801 2777 (13),
823 2698 965 2777 legimus:
992 2720 1005 2759 u
1018 2702 1151 2762 Jehovae
1171 2708 1232 2784 spi·

143 2812 209 2872 ritu
225 2809 331 2870 Saulus
341 2818 405 2864 erat
419 2805 612 2879 destitutus,''
625 2803 691 2862 vel:
704 2804 799 2862 ttmalo
809 2804 938 2864 Jehovae
950 2806 1061 2886 spiritu
1077 2820 1142 2868 erut
1165 2834 1231 2870 cor-

143 2916 276 2995 reptus.'’
297 2912 335 2993 (l.
358 2911 438 2971 Sam.
461 2908 540 2967 XVI·
565 2909 612 2966 lt.
635 2929 678 2986 sq.
699 2909 782 2966 XIX.
803 2907 851 2987 9);
879 2908 947 2969 licet
965 2933 1065 2970 caussa
1088 2918 1231 2975 naturalis

142 3021 235 3098 hujus
253 3017 350 3077 morbi
369 3014 467 3076 cuivis
485 3034 547 3072 rem
559 3012 727 3072 accuratius
738 3014 952 3092 contemplanti
973 3015 1059 3074 facile
1079 3017 1111 3074 iu
1132 3040 1166 3077 eo
1185 3022 1231 3081 vi.

142 3127 267 3197 deatur,
292 3121 373 3203 quod
390 3120 506 3181 Jehova
521 3141 537 3176 a
553 3117 636 3179 Sauli
653 3118 779 3196 posteris
796 3139 919 3197 reguum
940 3120 1145 3181 israelitarum
1175 3147 1232 3184 nu-

141 3229 379 3312 pe1·ademerat;
402 3245 439 3282 ne
458 3223 574 3294 dicam,
599 3222 679 3302 quod
695 3230 775 3280 recte
793 3222 871 3280 Jahn
894 3222 927 3303 (l.
947 3221 987 3301 c.)
1008 3225 1142 3298 monuit,
1165 3250 1233 3287 cum

144 3343 252 3393 natura
264 3352 429 3411 poenarum
446 3350 463 3386 a
481 3328 594 3386 tehova
613 3327 816 3384 immissarum
835 3347 894 3385 uon
905 3327 1083 3399 convenire,
1109 3342 1142 3391 ut
1163 3334 1233 3392 illae

143 3456 262 3520 poenae
278 3432 430 3513 pulsandis
450 3431 556 3491 [idibus
572 3430 729 3488 tollantur.

175 3585 224 3644 (12)
241 3588 308 3628 Doct.
331 3584 443 3625 Tuousou
467 3579 495 3623 35
517 3593 581 3622 casus
600 3577 691 3634 collegit
716 3575 1015 3629 (Scaurur'slahrbiicher‚
1032 3583 1235 3641 Iersupplement-

143 3671 212 3713 baud.
236 3667 339 3724 Leipzig
362 3665 428 3709 l836.
453 3680 476 3720 p.
500 3663 556 3711 122,
571 3666 624 3718 sq).
647 3661 701 3703 viu.
726 3660 793 3701 etiam
809 3672 873 3701 casus
889 3660 912 3701 in
927 3661 1045 3714 Fuomrr,
1063 3664 1236 3712 NeuoNotizffl

144 3755 212 3795 Tom.
229 3751 287 3794 vn.
314 3748 378 3791 1838.
400 3763 423 3802 p.
444 3746 481 3789 bl.
505 3746 533 3787 111
553 3743 601 3786 iere
615 3743 718 3784 omnibus
732 3741 820 3783 casibus
833 3740 901 3784 simul
915 3756 966 3784 cum
982 3746 1084 3800 portione
1097 3749 1148 3790 tubi
1160 3750 1229 3792 intes-

143 3833 222 3879 sinatis
236 3831 390 3875 evacuabatur
402 3823 676 3882 frustulumjmescntcrii
689 3822 726 3864 vel
738 3822 850 3865 meeocoli.

174 3917 224 3974 (13)
240 3915 270 3958 R.
287 3915 372 3962 Mun,
390 3912 450 3954 Med.
467 3922 525 3951 sacr.
547 3922 570 3963 p.
588 3906 616 3950 tt
635 3921 669 3962 sq.
686 3930 716 3939 -
731 3904 874 3955 urrunsa»,
890 3907 993 3951 Bibcllrr.
1014 3911 1042 3951 Τ.
1062 3911 1081 3954 l.
1096 3928 1118 3968 p.
1136 3913 1184 3957 131,
1202 3938 1232 3948 .-

143 4000 218 4048 Jnm,
233 3995 347 4040 Bibliscbe
363 3989 537 4043 Archaeologie,
555 3988 563 4030 l
581 3987 625 4029 m.
641 3990 664 4032 11
678 3989 720 4031 ut.
738 4002 761 4043 p.
778 3987 819 4030 397
835 4002 868 4043 sq.
