2754 4710
639 457 837 516 *td-

208 617 375 697 reperiatur
409 616 544 676 mulieris
570 618 721 696 profluvio
755 617 846 696 magis
865 615 1092 674 monstrificmn,
1137 617 1306 676 Arescunl:

207 731 387 800 superventu
420 731 532 795 musta,
553 722 741 782 sterilescunt
757 730 852 779 tactae
873 721 990 800 fruges,
1019 719 1194 779 moriuntur
1211 720 1309 778 insi—

206 835 235 882 ta
245 869 254 900 ,
275 836 446 885 exuruntur
466 827 621 885 hortorum
642 827 794 905 gerimus,
817 835 847 884 et
863 826 978 884 fructus
993 825 1151 897 arborum,
1177 827 1308 906 quibus

204 928 347 1006 insedere,
370 932 528 1005 decidunt,
549 932 735 1010 speculorum
755 931 853 1007 fulgor
873 928 1013 1007 adspectu
1031 930 1095 1007 ipso
1116 928 1303 1004 hebetatur,

204 1034 281 1093 acies
306 1035 378 1092 ferri
398 1035 628 1121 perstringitur,
655 1026 812 1111 eborisque
831 1034 926 1110 nitor:
949 1034 1026 1091 alvei
1046 1034 1149 1112 apium
1173 1034 1303 1107 emori-

205 1148 314 1197 untur:
346 1159 394 1197 aes
413 1138 503 1196 etiam
521 1159 556 1196 ae
574 1138 689 1196 serrum
707 1138 811 1213 rubigo
831 1137 968 1215 protinus
985 1137 1126 1216 corripit,
1151 1138 1301 1217 odorque

204 1242 289 1301 dirus
310 1263 393 1300 aera:
427 1252 458 1300 et
477 1241 509 1299 in
529 1243 641 1300 rabiem
665 1253 795 1321 aguntur
813 1251 928 1319 gustato
946 1263 980 1300 co
996 1263 1105 1316 canes,
1123 1252 1220 1320 atque
1237 1242 1293 1300 in-

203 1347 328 1406 sanabili
350 1365 467 1403 venem)
493 1366 609 1404 morsus
626 1345 762 1405 inficitur
782 1345 867 1427 (91);
888 1366 991 1424 equae,
1011 1347 1036 1404 si
1055 1346 1116 1405 sint
1132 1346 1289 1425 gravidae,

203 1459 298 1508 tactae
321 1449 557 1529 (hocsanguiue)
578 1451 709 1509 abortum
729 1451 888 1531 patiuntur
903 1452 983 1508 etc.”
1029 1450 1101 1507 latae
1121 1450 1217 1508 Plinii
1236 1471 1285 1508 ve·

205 1564 365 1631 torumque
392 1552 429 1610 de
455 1553 607 1630 sanguinis
628 1553 816 1611 menstrualis
837 1552 1012 1630 impuritate
1031 1551 1190 1632 opiniones
1212 1555 1282 1631 quin

204 1656 416 1734 superstitiosis
445 1657 537 1714 medii
563 1657 630 1716 aevi
649 1657 834 1736 temporibus
854 1656 1103 1734 perduraverint,
1125 1678 1216 1716 nemo
1231 1659 1281 1716 du-

204 1760 322 1818 bitabit.
364 1759 570 1819 Credebantur
596 1762 716 1835 omnia,
739 1782 815 1840 quae
833 1763 950 1841 corpori
975 1762 1093 1840 impura
1109 1763 1275 1837 infuissent,

205 1865 264 1925 hoc
281 1865 423 1944 sanguine
439 1865 616 1924 menstruali
635 1866 784 1925 contineri
806 1864 890 1947 (92);
914 1867 990 1945 quin
1009 1851 1148 1947 chirurgi
1160 1868 1191 1926 in
1217 1868 1279 1927 vul

204 1969 328 2028 neribus
359 1969 486 2048 ligandis
511 1992 529 2026 a
552 1969 778 2028 linteaminibus
807 1990 845 2028 ex
870 1970 995 2029 induciis
1016 1971 1179 2034 mulierum
1200 1973 1294 2031 sactis*

206 2083 327 2153 propter
355 2074 601 2133 menstruationis
619 2074 723 2132 noxias
741 2073 899 2152 qualitates
915 2073 1099 2132 abstinebant
1120 2074 1197 2152 (93).
1221 2075 1280 2134 Ma·

204 2177 311 2235 teriam
337 2188 518 2257 ueneuosa'm
547 2177 629 2235 bunc
646 2178 819 2255 sanguinem
836 2188 1066 2266 nuncuparunt3
1089 2179 1172 2256 quod
1192 2200 1281 2240 vene-

205 2302 277 2339 num
286 2327 295 2356 ‚
316 2281 479 2340 seeundum
497 2280 732 2338 eruditissimum
755 2279 898 2356 llensler,
921 2282 1030 2360 quippe
1046 2283 1223 2347 mulieribus
1239 2305 1282 2345 so·

204 2385 241 2443 lis
259 2385 434 2463 proprium,
455 2385 533 2441 sorte
552 2384 650 2448 lucum
672 2384 804 2458 dederit,
828 2394 863 2443 ut
883 2385 915 2442 in
933 2386 1040 2444 mediis
1055 2388 1137 2445 aevis
1158 2388 1206 2462 bis
1225 2391 1281 2448 im·

206 2487 313 2568 primis
330 2488 425 2564 magia
444 2491 630 2547 tribueretur
650 2487 729 2568 (94).
772 2489 870 2566 Neque
891 2489 1074 2548 solummodo
1091 2491 1184 2550 Plinii
1200 2492 1281 2551 sabu-

203 2591 247 2648 las
264 2601 462 2668 acceperunt,
480 2590 531 2648 sed
548 2590 637 2648 etiam
655 2611 757 2649 earum
777 2593 1007 2672 explicationem
1026 2605 1183 2683 tentarunt
1197 2597 1281 2680 (95),

204 2701 402 2714 ...ι-ιιι...

236 2744 285 2804 (91)
301 2749 370 2789 Pani.
386 2745 448 2789 Hist.
462 2743 517 2787 Nat.
532 2743 584 2786 Lib.
597 2744 656 2787 VII.
669 2758 690 2786 c.
707 2743 742 2788 15.
774 2746 811 2789 Cf.
826 2747 878 2792 Lib.
893 2749 1009 2792 xxvnr.
1023 2764 1049 2791 e.
1064 2747 1085 2790 7.

237 2825 285 2878 (92¹,
302 2827 429 2881 Annianus
445 2840 475 2867 nr.
491 2826 645 2875 vinciacus,
661 2827 765 2871 Breviar.
782 2806 928 2875 Lib.'111.c.
947 2829 1024 2889 fidei
1033 2832 1168 2876 menstruis:
1182 2818 1283 2884 arton,

205 2912 265 2969 qnod
283 2911 368 2953 matrix
382 2917 416 2952 est
430 2910 463 2952 it‘a
478 2910 503 2951 in
524 2924 617 2965 corpore
638 2911 741 2952 mulieris
761 2911 849 2966 locata,
869 2921 977 2970 tanquam
998 2917 1165 2970 receptaculum
1186 2920 1283 2961 omnium

206 2995 391 3051 superfluitatum
406 2994 520 3049 corporis,
537 2994 722 3048 quemadmodum
738 3001 771 3036 est
785 2996 872 3039 sentina
887 2997 965 3046 navis,
988 2998 1016 3038 ad
1031 3012 1099 3052 quam
1115 2989 1189 3041 cinnes
1208 3014 1283 3056 auper-

205 3074 306 3120 fluitans
318 3076 383 3120 navia
398 3078 547 3119 decurrunt.''
1044 3081 1046 3087 '

237 3159 285 3220 (93)
301 3162 441 3204 Mincium
458 3150 580 3211 Cunnum,
597 3162 716 3205 observat.
732 3163 759 3206 de
772 3164 810 3205 lue
825 3172 926 3202 ventrea.
959 3161 1012 3203 Oba.
1030 3161 1074 3205 XI.
1092 3159 1162 3216 (apud
1181 3144 1283 3207 ivisses

205 3244 264 3300 Syll.
278 3244 324 3286 obs.
341 3249 364 3285 et
379 3244 434 3286 Cur.
448 3243 507 3286 med.
525 3257 548 3297 p,
565 3242 622 3300 40.).
655 3244 732 3289 uPetia
747 3245 799 3286 alba
812 3248 877 3284 retus
899 3249 922 3287 et
937 3241 1026 3284 subtilis
1047 3243 1151 3284 camisiae
1167 3228 1283 3292 virorum,

205 3337 252 3366 uon
266 3329 342 3365 autem
353 3323 476 3365 mulierum
488 3330 582 3379 propter
592 3329 733 3371 menstrua.'’
1170 3311 1173 3316 .

236 3404 285 3462 (94)
301 3406 428 3456 transm,
444 3404 525 3448 Gesch.
540 3405 562 3448 d.
576 3407 729 3463 Lustseuche,
745 3411 790 3455 Tb.
806 3411 827 3454 1.
843 3426 867 3466 p.
884 3409 935 3454 206.
949 3418 1025 3454 annot.
1041 3412 1079 3455 37,

236 3485 285 3543 (95)
302 3487 338 3529 Ita
350 3500 373 3529 r.
390 3501 411 3529 c.
425 3487 477 3533 Jou.
494 3498 525 3528 »Β
542 3487 657 3539 Κετιωι,
671 3488 803 3541 (fasciculus
816 3493 952 3541 medicinae,
965 3493 1051 3536 Venet.
1061 3491 1125 3536 1513.
1144 3493 1198 3551 fol.)
1219 3507 1283 3550 quem

205 3571 261 3613 citat
275 3570 387 3613 Hanunea
395 3602 402 3621 ,
418 3571 435 3614 l,
448 3586 468 3614 c.
484 3586 507 3627 p,
529 3571 581 3617 305.
595 3580 673 3617 annot.
689 3573 739 3643 833:
758 3588 841 3628 aquare
853 3574 931 3616 oculus
950 3573 1053 3616 mulieris
1065 3580 1219 3618 menstruosae
1231 3576 1283 3618 int-

205 3651 238 3692 cit
253 3651 387 3705 speculum?
418 3653 549 3708 Respondeo
568 3654 634 3698 valde
654 3655 804 3704 naturaliter,
827 3656 900 3711 quod,
922 3656 1010 3710 quando
1040 3664 1155 3710 menstrua
1169 3658 1246 3701 fluunt
1260 3658 1282 3699 in

205 3731 384 3780 muliere,·tirnc
400 3733 477 3776 sumus
492 3750 616 3778 venenosus
634 3737 756 3780 resolvitur
774 3740 802 3780 ab
823 3754 863 3791 en,
885 3741 926 3796 qui
947 3733 1060 3786 adscendit
1079 3748 1149 3798 caput
1167 3742 1281 3791 mulieris,

207 3820 284 3870 petens
297 3813 329 3854 ibi
344 3814 430 3856 exitum
445 3842 477 3881 ---γ
490 3824 512 3860 et
527 3819 580 3872 quia
593 3819 653 3860 oculi
669 3827 723 3861 sunt
739 3823 827 3876 perosi,
843 3838 895 3878 ergo
910 3824 941 3864 iti
963 3824 1021 3879 petit
1040 3824 1127 3867 exitum
1147 3824 1186 3866 ille
1208 3823 1282 3866 sumus

205 3902 273 3938 -et
287 3899 326 3939 ser
339 3898 457 3954 contiguus
470 3902 499 3943 ab
515 3901 586 3944 oculis
601 3902 717 3956 infletum
734 3912 757 3947 et
771 3906 811 3948 ille
825 3909 864 3948 adr
876 3906 959 3949 iterum
974 3909 1045 3949 alium
1054 3885 1149 3963 ,iusque
1164 3909 1192 3951 ad
1206 3919 1283 3965 specu·

204 3978 253 4022 lum
273 3977 398 4034 objectum3
416 3988 437 4023 et
454 3984 629 4040 quiaxmundum
645 3993 679 4030 est
693 3995 715 4031 et
728 3989 838 4044 politum,
855 3990 902 4033 ideo
922 3989 989 4034 facile
1003 3990 1130 4040 inficitur.”
