2754 4710
564 433 783 490 -208-

142 610 204 648 esse
222 590 317 648 credit
339 589 417 668 (28).
463 590 544 649 Talin
564 591 657 665 festa,
680 613 771 670 quum
794 594 849 651 Dei
874 591 1014 650 beneficia
1037 593 1224 670 ejusdemque

143 697 306 774 potentiam
317 695 350 753 in
370 698 542 755 memoriam
560 707 755 772 revocarent,
774 698 853 777 apud
877 698 995 778 vulgum
1017 698 1222 777 Asclepiadnm

143 794 349 857 auctoritatem
369 800 485 858 auxisse
515 802 580 860 veri
599 812 645 859 est
666 804 774 862 simile.

638 1011 652 1086 s
673 1011 723 1069 ει.

187 1217 323 1296 Magnam
352 1217 443 1275 etiam
468 1218 575 1276 exinde
596 1221 803 1278 auctoritatem
823 1218 879 1277 sibi
899 1229 1114 1298 compararunt
1131 1240 1225 1278 sacer-

146 1320 247 1390 dotes,
277 1319 358 1397 qnod
387 1321 423 1378 ab
449 1320 542 1400 ipsius
565 1322 734 1401 Aesculapii
763 1322 902 1401 progenie
934 1322 1080 1402 originem
1108 1323 1226 1382 duxisse

146 1425 360 1497 credebantur,
391 1425 477 1502 cnjus
502 1425 658 1485 seientiam
687 1437 830 1506 tanquam
849 1429 967 1506 generis
987 1429 1034 1487 sui
1060 1430 1227 1508 symbolum

146 1530 265 1609 aliquod
302 1530 517 1591 conservabant
547 1531 624 1611 (29).
674 1531 753 1590 Haec
787 1531 825 1590 de
870 1531 1080 1612 Asclepiadum
1115 1533 1228 1612 origine

147 1634 249 1712 opinio
281 1634 420 1692 omnibus
446 1643 582 1693 velerum
615 1635 676 1694 suit
712 1646 886 1715 acceptum,
923 1657 1019 1716 neque
1054 1640 1139 1696 omni
1166 1639 1228 1696 veri

148 1738 246 1818 specie
268 1746 312 1797 est
330 1738 480 1798 destituta.
521 1739 658 1799 Vidimus
677 1740 778 1816 enim,
802 1763 863 1799 non
891 1741 985 1802 solnm
1015 1741 1093 1801 filios
1122 1743 1229 1801 Aescu-

150 1845 244 1924 lapii,
272 1845 323 1904 sed
349 1845 442 1904 etiam
471 1845 603 1920 ejusdem
625 1855 745 1924 nepotes
773 1854 867 1903 artem
896 1847 1039 1925 medicam
1066 1846 1229 1906 exercuisse

151 1972 245 2032 eoque
274 1952 403 2030 insignes
435 1951 542 2026 fuisse,
575 1952 653 2032 quin
683 1960 713 2009 et
745 1971 838 2009 unum
866 1971 992 2025 eorum,
1012 1950 1227 2022 Alexanorem,

149 2059 311 2138 antiquum
337 2058 415 2119 illud
443 2058 612 2137 Aesculapii
640 2054 804 2134 templum,
832 2055 912 2134 quod
929 2054 1033 2114 Titane
1051 2063 1137 2124 erat,
1161 2074 1229 2111 con·

58 2178 62 2185 '
151 2162 268 2223 didisse.
307 2163 404 2243 ipsam
421 2174 519 2223 autem
544 2173 639 2222 artem
664 2160 811 2218 medicam
826 2159 991 2219 sacerdotes
1006 2158 1037 2216 in
1054 2158 1146 2216 initio
1164 2158 1230 2217 filiis

150 2267 212 2327 suis
246 2268 453 2327 tantummodo
472 2268 679 2340 tradiderunt3
696 2275 795 2344 postea
813 2264 904 2323 etiam
928 2264 984 2335 iis,
1007 2263 1060 2341 qui
1080 2263 1229 2343 mysteriis

150 2371 232 2430 bisce
255 2371 376 2430 fuerant
393 2371 528 2446 initiati,
543 2371 593 2430 sed
611 2370 872 2434 aliorumnemini
893 2367 971 2449 (30).
1011 2368 1091 2428 Haec
1109 2370 1227 2441 omnia,

152 2494 288 2551 magnam
312 2475 548 2554 probabilitatem
567 2475 640 2557 hnic
668 2487 805 2535 veterum
825 2473 863 2532 de
887 2472 1093 2552 Asclepiadnm
1118 2473 1228 2552 origine

148 2575 291 2656 opinioni
316 2576 448 2637 addunt:
478 2598 514 2638 ex
539 2599 668 2657 quanam
695 2584 775 2641 enim
800 2580 916 2639 familia
939 2578 1039 2658 polius
1062 2577 1229 2655 Aesculapii

150 2680 315 2742 sacerdotes
339 2691 533 2759 crearentur,
563 2704 652 2763 qnam
691 2707 727 2746 ex
758 2687 851 2766 ipsius
877 2685 976 2744 herois
1004 2684 1151 2763 posteris,
1181 2685 1228 2762 qui

152 2806 256 2845 omnes
273 2785 345 2846 adeo
362 2797 426 2848 arte
442 2788 556 2874 modim
574 2800 661 2850 erant
680 2789 827 2870 insignes,
853 2800 888 2849 ut
907 2788 1109 2868 compluribus
1129 2810 1227 2848 eorum

184 3030 232 3091 (28)
253 3048 278 3076 v.
300 3048 320 3077 ε,
342 3013 557 3086 ἀναλαμβάνειν
581 3013 613 3068 τὸ
640 3011 784 3084 διάδημα,
809 3012 962 3084 σκῆπτρον.
990 3027 1027 3070 cs.
1048 3029 1184 3071 Pusam,
1205 3028 1227 3067 de

155 3112 210 3156 nu.
226 3113 295 3163 im,
312 3115 351 3168 qur
366 3117 416 3166 την
435 3094 581 3167 ἀνάληψιν
598 3095 683 3168 ἱερῶν
703 3111 864 3165 susceptionem
877 3109 944 3151 snm
958 3109 1104 3151 „cerussam
1118 3111 1180 3152 dnn

184 3196 233 3255 (¹29)
249 3199 358 3241 Anrsrm.
375 3198 439 3240 orat.
453 3196 478 3238 iu
492 3195 619 3249 Asclepiad.
632 3209 654 3248 p.
669 3193 706 3238 80,
737 3194 797 3235 Hine
811 3193 877 3234 etiam
891 3193 969 3234 Puro
985 3191 1020 3244 (de
1035 3192 1165 3245 republica,
1179 3192 1225 3233 Lib.

156 3284 187 3325 X.
201 3294 224 3335 p.
238 3279 300 3334 464.)
315 3278 384 3329 dicit,
399 3277 557 3332 Aesculapium
573 3292 600 3320 ex
612 3277 725 3333 prognaes
738 3276 857 3330 discipulos
873 3275 984 3319 sumsisse.
1016 3273 1056 3317 Cf.
1071 3281 1094 3316 et
1107 3277 1227 3318 Furnosru.

153 3363 197 3407 vit.
211 3361 318 3415 Apollou.
338 3360 389 3404 Lib.
404 3361 452 3402 ΙΙΙ.
467 3373 487 3403 c.
504 3360 540 3402 44.
555 3372 576 3412 p.
593 3356 642 3401 132.
1001 3417 1003 3419 ι

183 3442 232 3498 (30)
247 3443 359 3485 Hmscu.
376 3440 478 3497 suajus:
504 3425 652 3493 λ’Όμνυμλ
669 3451 709 3461 -
730 3421 920 3497 πάραγγελλης
939 3413 970 3474 τὲ
993 3423 1041 3473 καὶ
1066 3418 1226 3494 ἀκροήσιος,

155 3535 204 3586 καλ
223 3534 272 3600 τῆς
290 3531 393 3597 λοιπῆς
416 3527 528 3596 ἁπάσης
549 3523 718 3599 μαθήσιος,
741 3523 900 3597 μετάδοσιν
923 3522 1109 3591 ποιήσασθαι
1139 3523 1226 3579 ὑιοῑσι

156 3633 187 3688 τέ
210 3634 328 3706 ἐμοῖσι,
355 3636 403 3686 καλ
424 3642 501 3687 τοῖσι
525 3635 577 3686 τοῦ
598 3626 647 3701 ἐμὲ
673 3629 852 3692 διδάξαντος·
874 3633 922 3684 καλ
935 3706 936 3710 ¹
949 3631 1116 3701 μαδηταῖσι
1137 3647 1226 3704 soype-

153 3737 327 3816 γραμμένοις
348 3758 379 3792 τε
391 3777 400 3807 ,
425 3742 474 3792 uui
496 3734 685 3810 ὡρκισμένοις
703 3734 794 3806 νόμον
812 3731 1029 3808 tmpus-ditio
1051 3728 1083 3788 δὲ
1104 3727 1226 3789 ὀυδενλ.”

154 3844 238 3919 Εῑιιεᾰζ
249 3861 305 3903 Lex.
319 3860 344 3903 in
358 3860 414 3902 fine:
431 3854 444 3896 u
458 3840 493 3896 τά
513 3835 545 3897 δὲ
566 3839 629 3915 ἱερά
644 3839 731 3896 ἐόντα
749 3835 900 3914 πράγματα
922 3837 1048 3911 ἱεροῖσιν
1067 3833 1228 3911 ἀνθρώποι-

157 3971 188 4005 σι
209 3948 367 4003 δείκνυται·
385 3943 538 4018 βεβήλοισι
557 3939 588 4000 δὲ
610 3942 644 3999 οδ
665 3943 772 4015 θέμις,
794 3940 895 4017 πρλνῆ
919 3940 1098 3996 τελεσθῶσιν
1123 3936 1226 4014 ὀργίοι-

155 4075 203 4109 σιν
225 4045 415 4122 ε’πιστήμης.”
