2754 4710
539 458 803 516 .-116-

155 617 279 696 speratis
310 637 394 696 opem
421 617 575 688 tulissent,
607 618 697 677 fuisse
720 639 738 674 a
768 618 834 677 Diis
856 619 927 698 ipsis
944 630 1104 699 prognatos
1132 619 1262 680 existi-

155 732 279 780 marent.
322 722 355 779 ln
383 733 466 802 grato
486 721 578 801 igitur
607 722 789 800 posteritatis
806 723 908 781 animo
924 743 986 781 non
1004 724 1115 793 solam,
1141 743 1246 802 neque

153 825 243 884 ctiam
279 826 468 904 praecipuam
499 847 631 884 caussam
664 824 831 904 ponendam
856 846 917 884 esse
943 826 1093 885 crederem
1104 873 1113 901 ,
1146 846 1236 904 quare

151 941 217 1009 post
237 942 364 988 mortem
382 930 510 988 medicos
528 929 631 988 heroes
643 941 785 1008 tanquam
796 933 873 989 Deos
881 932 1027 990 coluerint
1038 944 1168 1008 veteres,
1187 931 1225 992 sed

59 1094 62 1099 .
151 1035 251 1112 potius
282 1035 315 1091 in
357 1034 575 1108 admiratione,
606 1055 665 1113 qua
692 1033 789 1092 divini
812 1035 886 1113 quid
905 1035 966 1092 illis
986 1035 1082 1093 inesse
1103 1036 1228 1093 credide·

152 1141 233 1212 rint,
266 1139 320 1218 qui
360 1139 446 1197 malis
476 1159 491 1198 a
521 1138 583 1197 Diis
615 1137 754 1196 immissis
783 1137 896 1196 mederi
926 1148 1101 1218 potuerant3
1126 1142 1229 1219 quique

151 1244 277 1301 durante
301 1243 362 1299 rita
382 1249 428 1297 tot
447 1250 604 1317 tantasque
624 1242 790 1299 sanationes
809 1243 996 1320 perfecerant
1017 1246 1154 1304 Deorum
1165 1245 1231 1320 filii,

147 1342 366 1426 postquam'in
396 1347 477 1404 coelo
509 1345 704 1422 habitarunt,
739 1345 889 1422 imprimis
918 1335 1138 1405 immortalium
1160 1349 1233 1406 iram

151 1453 267 1529 placare
289 1449 540 1509 existimabantur
560 1449 608 1505 vel
628 1449 712 1506 viam
733 1449 866 1507 indicare
886 1469 991 1527 posse,
1014 1470 1074 1527 qua
1094 1451 1238 1528 placanda

150 1540 242 1622 esset,
263 1554 336 1611 adeo
356 1564 390 1611 ut
410 1553 507 1610 morbi
527 1552 729 1611 auferrentur.
773 1551 820 1610 Ad
840 1552 893 1609 bos
913 1552 1008 1630 igitur
1036 1554 1238 1633 confugerunt

150 1659 255 1717 ethos
278 1661 461 1717 invocarunt
480 1667 677 1736 aegrotantes,
701 1658 803 1715 cartem
823 1658 876 1714 illa
896 1657 1038 1736 opinione
1058 1659 1160 1729 ducti,
1181 1683 1240 1740 qua

150 1785 167 1819 a
194 1762 411 1837 sacerdotibus,
444 1762 554 1842 quippe
587 1765 722 1820 Deorum
753 1761 876 1819 arctiori
910 1763 1126 1822 consuetudine
1157 1767 1236 1838 usis,

150 1868 298 1926 auxilium
328 1866 484 1956 petebant,
519 1875 549 1923 et
578 1863 721 1923 sacrificia
748 1864 905 1922 credebant
926 1866 1062 1946 ritusque
1083 1870 1244 1949 religiosos

148 1991 208 2028 esse
228 1969 409 2040 adhibenda,
435 1979 470 2026 ut
490 1969 603 2026 sanatio
623 1968 827 2046 perficeretur.

647 2180 661 2254 s
687 2180 732 2236 12.

188 2387 255 2445 Nou
284 2395 384 2443 autem
407 2405 526 2461 onmes,
558 2386 682 2465 quibus,
718 2408 811 2464 quum
838 2389 966 2446 durante
1007 2390 1073 2447 vita
1105 2393 1243 2474 insignes

147 2490 256 2549 metlici
282 2490 428 2562 fuissent,
457 2499 523 2566 post
555 2499 681 2546 mortem
713 2488 811 2546 divini
847 2490 976 2550 honores
1007 2492 1118 2551 tributi
1150 2509 1240 2567 sunt,

149 2616 188 2652 ex
208 2595 275 2652 Diis
297 2603 455 2671 prognatos
472 2613 532 2652 esse
549 2591 814 2664 existimabantur,
840 2614 937 2673 neque
952 2596 1010 2676 ipsi
1019 2606 1170 2677 tanquam
1194 2602 1242 2661 Dii

146 2698 311 2757 medicinae
337 2690 634 2756 tutelares'invocati
661 2697 751 2756 fnisse
779 2699 938 2759 videntur:
978 2701 1107 2761 fuerunt
1132 2707 1239 2782 enim,

149 2803 256 2881 quibus
290 2802 402 2879 templa
426 2802 521 2859 solum
547 2801 740 2861 struebantur
764 2804 814 2860 vel
838 2804 910 2862 testa
947 2806 1179 2868 celebrabantur
1209 2812 1242 2870 in

147 2909 322 2966 memoriam
349 2906 575 2977 beneficiorum,
611 2926 687 2984 qnae
714 2907 886 2985 aequalibus
915 2896 1140 2987 praestiterant.
1197 2917 1243 2975 Ad

148 3014 201 3072 lios
212 3016 344 3092 pertinet
364 3012 540 3089 Melampus,
566 3009 602 3068 de
623 3030 682 3086 quo
693 3011 756 3086 jam
778 3011 811 3068 in
833 3013 929 3090 capite
950 3013 1049 3091 primo
1059 3014 1155 3093 liujus
1166 3001 1243 3098 par·

149 3120 186 3176 tis
203 3140 270 3177 sum
294 3118 429 3203 locutus,
460 3126 491 3174 et
514 3116 549 3173 de
571 3117 655 3191 cujus
673 3114 919 3174 medicationibus
938 3119 969 3175 iu
988 3121 1124 3196 sequenti
1140 3144 1239 3201 agam.

146 3222 245 3296 Huic,
277 3224 331 3301 qui
363 3223 420 3280 Dei
446 3220 573 3297 alicujus
602 3219 681 3278 filins
708 3218 826 3276 habitus
855 3238 916 3278 esse
949 3241 1009 3279 non
1029 3222 1165 3297 videtur,
1191 3229 1240 3288 sed

147 3325 348 3403 Amythaonis
366 3335 396 3383 et
416 3323 534 3402 Aglaios
555 3322 638 3403 (bl),
664 3344 756 3400 quum
778 3323 926 3384 mirandas
948 3327 1119 3388 curationes
1141 3333 1244 3409 perfe-

147 3428 249 3498 cisset,
274 3427 445 3506 Aegistheni
461 3426 608 3503 templum
627 3425 795 3486 aedificavit
811 3439 893 3508 grata
906 3430 1073 3508 posteritas,
1085 3444 1117 3491 et
1134 3434 1171 3494 in
1180 3435 1243 3497 hu-

141 3531 192 3607 jus
218 3513 363 3589 honorem
388 3540 417 3589 et
445 3531 478 3588 in
508 3528 682 3592 memoriam
699 3528 914 3597 beneficiorum
942 3555 1027 3592 sacra
1047 3535 1178 3599 {sciebat
1209 3552 1240 3600 et

147 3634 308 3711 (quotannis
333 3636 412 3692 diem
430 3635 539 3692 festum
561 3633 741 3706 celebrabat,
763 3634 841 3693 idern
861 3643 949 3709 vero,
963 3637 1026 3715 qui
1046 3628 1240 3715 huju's'tem·

144 3737 187 3816 pli
206 3737 387 3797 mentionem
408 3740 489 3812 flacit,
502 3737 678 3818 'Pausanias'
690 3730 837 3815 expressis
854 3739 1058 3812 verbisaddit,
1086 3745 1116 3802 ei
1127 3743 1238 3810 lutura

177 3978 226 4034 tat)
242 3981 312 4025 utos.
328 3983 373 4024 sn.
389 3982 439 4024 an.
455 3981 499 4025 iv.
515 3995 534 4025 e.
551 3983 578 4023 aa
603 3982 642 4034 (r.
659 3981 678 4024 ι,
695 3999 717 4037 p.
729 3969 899 4036 'susannam
913 3980 965 4023 uis.
981 3974 1016 4024 n.
1031 3995 1051 4026 c.
1068 3984 1105 4028 ts.
1117 4010 1149 4020 -
1162 3989 1243 4046 smy-

159 4061 271 4106 banniret
286 4060 399 4104 lrlomenes
415 4061 475 4104 lilius
488 4069 536 4104 erat
548 4060 612 4114 Juxta
627 4062 800 4105 Arottooonun
810 4061 872 4114 (Lib.
882 4062 933 4105 Ι.9.
945 4052 978 4106 lt'.
987 4078 1012 4118 p.
1024 4063 1059 4107 71.
1069 4065 1103 4108 ed.
1115 4067 1242 4123 llum.
