2754 4710
647 460 852 521 μω..

213 626 365 704 Aegyptiis
397 624 475 684 hanc
501 623 703 702 operationem
729 624 856 683 edoctas.
908 625 1047 684 Attamen
1075 644 1140 681 eam
1158 627 1304 685 omnibus

212 730 366 808 Aegyptiis
389 725 478 786 luisse
504 738 710 806 praeceptam,
737 727 893 786 dubitandi
915 728 998 788 locus
1016 738 1076 803 est;
1100 750 1171 788 uam
1190 751 1298 790 eorum

210 831 416 890 tantummodo
428 830 627 890 sacerdotibus
637 829 688 888 hic
697 830 773 889 ritus
785 831 942 910 impositus
963 832 1053 892 fuisse
1062 832 1185 894 videtur
1198 834 1297 914 (tw),

213 937 287 997 Com
310 958 381 995 vero
409 947 544 996 auctores
570 936 655 995 citati
672 955 732 993 non
748 935 870 1011 dicant,
892 937 1055 996 sacerdotes
1075 939 1152 997 solos
1164 939 1301 997 circum-

211 1040 292 1116 cicli,
314 1040 362 1099 secl
382 1041 546 1119 generatim
574 1039 732 1117 Aegyptios
762 1039 949 1122 (Ἁιγύπτιοι
971 1045 1003 1103 δὲ
1032 1023 1298 1123 neptrolttrovtos),

211 1154 341 1205 statuere
362 1165 533 1224 possumus,
569 1144 826 1203 circumcisionem
847 1146 1046 1206 sacerdotibus
1065 1147 1188 1225 quidem
1208 1169 1302 1226 prae-

210 1261 345 1330 ceptam,
364 1253 418 1310 sed
438 1252 547 1310 multos
567 1271 605 1309 ox
623 1250 688 1329 ipso
707 1250 818 1330 populo
840 1250 896 1310 hac
913 1252 947 1308 in
961 1272 993 1309 re
1011 1252 1174 1311 sacerdotes
1192 1253 1300 1312 imita-

190 1365 254 1417 ,tos
283 1354 386 1414 luisse.
435 1353 550 1414 Nostris
580 1355 671 1412 etiam
701 1354 882 1433 temporibus
907 1365 1025 1433 praeter
1055 1355 1180 1415 ludaeos
1206 1357 1300 1415 multi

210 1458 486 1518 circumciduntur:
511 1477 613 1515 omnes
631 1457 860 1529 Mubamedani,
884 1458 998 1516 incolae
1017 1459 1080 1516 scre
1097 1458 1236 1516 omniurn
1248 1460 1299 1517 in-

210 1543 345 1622 sularum
380 1564 470 1621 maris
497 1563 620 1623 Pacifici
648 1561 732 1645 (22),
765 1571 796 1621 et
812 1561 928 1620 insulae
960 1562 1145 1641 Madagascar
1173 1573 1203 1621 et
1223 1563 1299 1622 Ota·

210 1665 292 1723 heite
314 1665 380 1746 (23)
405 1665 681 1740 circumciduntur5
704 1683 801 1743 neque
822 1665 917 1723 solum
938 1665 1090 1724 Americae
1112 1687 1178 1725 oras
1195 1668 1295 1746 attigit

209 1769 260 1827 hic
283 1787 371 1841 usus,
403 1768 454 1826 sed
480 1789 617 1846 magnam
647 1767 805 1827 Amerieae
832 1772 1037 1831 meridionalis
1051 1783 1166 1851 partem
1186 1795 1295 1853 perva-

210 1876 249 1934 sit
279 1873 356 1955 (22).
399 1873 475 1933 Usus
504 1872 558 1951 qui
587 1873 666 1951 apud
694 1881 740 1932 tot
768 1883 867 1950 gentes
888 1875 1006 1934 exstitit
1022 1885 1052 1934 et
1065 1876 1164 1935 adhac
1185 1878 1294 1955 peniu-

210 1991 274 2056 rat‚
298 1981 425 2058 quique,
460 1979 503 2037 uti
528 1978 655 2037 hleiuers
676 1975 744 2058 (25)
766 1978 874 2052 credit,
899 1978 1025 2037 dirersis
1046 1981 1229 2058 temporibus
1247 1984 1294 2042 in-

209 2099 255 2146 ter
272 2088 404 2146 diversos
426 2087 547 2165 populos
570 2096 674 2165 sponte
703 2095 747 2144 est
768 2096 872 2159 natus,
896 2105 958 2143 non
978 2095 1093 2165 potest,
1116 2087 1190 2163 quin
1207 2107 1292 2167 gene-

211 2193 351 2250 raliorem
365 2211 498 2250 caussam
511 2190 616 2248 habeat
636 2202 726 2268 atque
748 2190 905 2268 originem.
926 2189 1008 2258 Quae
1029 2189 1194 2266 generalior
1209 2211 1293 2249 caus·

209 2319 240 2356 sa
264 2317 347 2370 vero,
369 2315 465 2373 neque
476 2295 566 2352 etiam
578 2304 764 2373 tempusquo
783 2293 883 2372 primo
900 2291 991 2348 fuerit
1009 2290 1149 2350 instituta
1161 2293 1290 2352 circum·

209 2404 300 2478 cisio,
322 2422 359 2459 ex
383 2401 493 2458 nullius
519 2400 625 2479 populi
652 2398 804 2459 historicis
822 2394 1025 2453 monumentis
1038 2415 1093 2473 pro
1113 2405 1194 2454 certo
1213 2407 1291 2476 patet

208 2505 288 2587 (26).
335 2502 491 2581 Originem
512 2501 749 2562 circumcisionis
758 2500 900 2559 medicam
920 2501 1011 2559 fuisso
1022 2547 1030 2575 ‚
1055 2502 1287 2577 nonaffirmab0;

210 2612 245 2668 ab
264 2608 353 2668 initio
369 2609 447 2668 sorte
477 2626 560 2665 mere
576 2606 730 2684 religiosus
757 2607 815 2664 suit
836 2606 913 2664 ritus
922 2650 932 2680 ,
955 2607 1025 2682 quia
1046 2625 1153 2684 nempe
1170 2609 1293 2668 mutila«

201 2762 316 2776 ...o—a
322 2763 453 2773 —nn—-n

240 2853 301 2910 (2l*)
318 2854 432 2895 Oarornrs
450 2834 474 2893 iri
487 2853 611 2894 comment.
625 2834 649 2893 in
662 2852 780 2908 Epist'ad
793 2852 890 2900 Roman,
905 2867 955 2909 cap.
973 2856 1005 2898 11.
1024 2868 1058 2896 vs.
1078 2854 1112 2897 13.
1128 2853 1203 2904 (Tom.
1220 2859 1291 2911 ΝΡ.
1309 2875 1313 2884 ·

211 2933 262 2978 495.
277 2935 311 2977 ed.
321 2936 457 2988 Maneant:
477 2934 558 2988 „Apud
572 2934 731 2989 Aegyptios-
742 2936 820 2978 nullus
832 2941 873 2977 aut
884 2935 1024 2977 Geometriae
1037 2937 1152 2985 studebat,
1167 2945 1208 2979 aut
1219 2945 1290 2979 astro-

208 3020 310 3066 nomiae.
326 3031 383 3072 quae
398 3017 458 3071 apud
472 3017 523 3057 illos
537 3017 671 3072 praecipuas
683 3018 813 3074 ducuntur,
825 3018 904 3060 nullus
918 3024 977 3059 certe
992 3018 1124 3072 astrologiae
1142 3023 1165 3058 et
1176 3034 1289 3073 geneseos,

207 3115 252 3158 qua
264 3101 322 3143 nihil
335 3099 434 3142 divinius
447 3105 545 3154 putant,
561 3107 647 3142 secreta
662 3101 803 3151 rimabatur,
821 3101 865 3143 nisi
884 3100 1053 3143 circumcisione
1072 3109 1183 3156 suscepta.
1216 3104 1289 3145 Sacer-

207 3185 244 3226 dos
262 3183 323 3238 apurl
337 3197 386 3231 eos,
403 3181 524 3235 haruspex,
541 3187 582 3222 aut
602 3182 755 3236 quorumlibet
774 3196 889 3224 sacrorum
902 3182 1013 3232 minister,
1027 3182 1065 3223 rel
1079 3188 1106 3222 ut
1116 3183 1153 3223 illi
1165 3186 1288 3240 appellant,

207 3268 316 3324 propheta
335 3266 406 3308 omnis
425 3266 571 3308 circumcisus
588 3272 628 3308 est.
661 3267 855 3321 Literas·quoque
875 3264 1021 3307 sacerdotales
1044 3271 1147 3306 veterum
1167 3266 1289 3322 Aegyptio·
1311 3267 1313 3271 ’

208 3361 273 3397 rum,
291 3360 346 3401 quas
362 3345 541 3401 hieroglyphicas
556 3346 687 3400 appellant,
704 3355 769 3401 neruo
782 3347 895 3396 discebat,
912 3346 956 3389 nisi
968 3346 1122 3389 circumcisus.
1154 3348 1233 3390 Omnis
1241 3349 1288 3390 his-

209 3430 329 3485 rophantes
336 3459 344 3478 ,
360 3428 431 3470 omnis
447 3435 524 3477 vates,
541 3429 612 3468 omisis
628 3427 704 3476 cosli,
714 3435 741 3468 ut
754 3434 844 3483 putant,
860 3427 1079 3485 inferniquemystes
1092 3430 1288 3487 ctcousciusapud

207 3500 248 3554 cos'
256 3527 301 3553 esse
315 3526 359 3551 non
374 3508 488 3558 creditur,
504 3509 548 3550 nisi
560 3508 730 3553 circumcisus.”
963 3492 966 3497 Ι

239 3592 286 3648 (22)
303 3595 425 3640 Mutunus,
442 3593 468 3632 do
479 3589 656 3632 circumcisionis
673 3589 757 3644 origine
771 3596 794 3631 et
806 3590 879 3631 causis
896 3568 929 3640 (ih
950 3593 1075 3634 Commeat.
1092 3593 1173 3636 Societ.
1189 3593 1287 3648 Gtitting.

208 3677 236 3716 tt
255 3675 321 3718 XIV.
338 3690 361 3728 p.
376 3673 450 3724 209).
483 3670 520 3714 Οἲζ
539 3672 663 3714 Fonsaan’s
679 3671 880 3726 Beobachtungcn,
897 3687 920 3726 p.
938 3671 989 3718 482,
1007 3698 1036 3706 -
1052 3675 1134 3716 Coos’s
1151 3675 1288 3718 LetrteRei-

210 3774 257 3800 sen.
276 3755 336 3813 ΠΡ.
353 3757 405 3799 387.
423 3764 465 3799 etc.

239 3841 285 3896 (23)
302 3841 408 3886 Panna,
426 3838 594 3879 Mcrliziuischcs
610 3815 818 3877 Rcalwbrterhuch.
836 3837 919 3878 IBnt.
937 3851 958 3891 p.
978 3836 1016 3878 721
1035 3852 1068 3891 aq.

239 3923 287 3979 (tt)
304 3923 426 3970 hiemans,
447 3922 463 3963 l.
478 3936 497 3963 c.
1040 3918 1088 3975 (25)
1106 3921 1181 3968 idem,
1195 3936 1218 3976 p.
1235 3921 1283 3962 210.

238 4005 284 4061 (26)
303 4006 371 4046 idrus.
390 4019 411 4057 p,
430 4001 480 4042 211.
497 4026 526 4036 -
542 4000 632 4055 Cfttjus
648 3999 1086 4066 laritischeGeschichtrrlcrReligionen,
1095 4005 1283 4062 ttn‹¹.11.p.4tt.
