2754 4710
585 454 784 513 „35-

146 626 250 690 eosque
276 608 406 668 detectos
432 584 528 689 etad
557 614 634 671 Deos
664 611 789 670 relatos:
821 612 871 671 Sol
878 656 887 687 ,
908 611 960 690 qui
989 612 1051 689 jam
1069 620 1156 671 antea
1177 628 1225 671 eos

145 711 325 806 dormientes
344 715 480 791 viderat,
505 735 587 776 nunc
616 716 748 775 Vulcano
774 714 1005 795 speculationem
1027 714 1107 792 agit,
1132 713 1221 793 eique

141 839 203 879 rem
222 828 344 896 narrat3,
366 840 426 898 quo
452 820 532 881 sacto
570 821 722 881 Vulcanus
746 840 847 879 omnes
861 823 941 880 Deos
963 827 1122 891 convocat,
1145 819 1226 877 inter

143 944 216 1004 quos
235 924 325 982 etiam
341 926 406 982 erat
423 929 493 991 ἄναξ
513 930 646 1009 ἑκάεργος
663 933 815 988 Ἀπόλλων
837 925 915 1007 (13).
955 926 1004 987 Ex
1020 926 1101 986 hisee
1117 936 1219 1005 aperte

141 1035 240 1107 patet,
277 1027 455 1101 Homerum,
489 1051 585 1108 quum
612 1042 724 1109 pestem
753 1032 838 1091 illam
871 1032 1004 1111 Apollini
1022 1030 1220 1105 adscriberet,

140 1131 265 1203 minime
274 1115 419 1192 decaussa
437 1135 564 1213 quadam
586 1136 735 1212 naturali,
760 1135 804 1194 uti
826 1136 862 1194 tle
883 1136 975 1194 radiis
996 1134 1150 1207 solaribus,
1171 1154 1221 1191 co-

141 1235 267 1313 gitasse,
299 1235 349 1293 sed
376 1256 483 1296 revera
511 1238 590 1296 iram
618 1240 676 1298 Dei
706 1240 740 1299 in
772 1263 874 1300 caussa
904 1241 993 1300 fuisse
1028 1239 1221 1299 existimasse.
1267 1306 1270 1311 Ι

141 1339 244 1421 Neque
280 1339 358 1397 hanc
395 1341 617 1418 quaestionem,
649 1364 689 1402 an
720 1345 892 1424 Apollinem
928 1347 1029 1403 Deum
1063 1343 1140 1402 Solis
1170 1343 1225 1402 ha-

140 1443 239 1502 buerit
268 1444 427 1516 Homerus,
456 1465 513 1505 neo
544 1465 601 1521 ne,
634 1447 810 1527 attigissem,
840 1449 959 1508 nisiex
988 1447 1219 1518 recentissimis,

141 1546 196 1624 qui
220 1546 256 1604 de
281 1546 407 1606 historia
435 1549 602 1609 medicinae
624 1561 761 1630 egerunt,
789 1553 957 1612 auctoribus
980 1573 1057 1611 unus
1071 1551 1223 1630 'expressis

140 1648 238 1707 verbis
265 1648 437 1729 Apollinem
466 1652 630 1731 symbolum
653 1653 731 1713 lucis
749 1655 853 1715 solaris
867 1656 1043 1716 declarasset
1060 1654 1140 1736 (lt).
1183 1653 1222 1712 Et

140 1756 210 1814 licet
229 1765 342 1834 pestem
366 1755 516 1836 imprimis
537 1758 601 1817 irae
620 1757 771 1836 Apollinis
789 1758 979 1839 adscripsisse
998 1767 1113 1818 veteres
1133 1757 1219 1816 vide·

139 1856 231 1919 antur
258 1859 345 1939 (15),
372 1869 473 1919 tamen
505 1861 605 1920 eadem
634 1861 724 1921 etiam
747 1863 786 1920 ab
805 1863 872 1921 aliis
891 1863 953 1921 Diis
972 1863 1087 1941 saepius
1106 1880 1218 1941 poenae

139 1965 206 2024 loco
226 1964 453 2024 immittebatur.
494 1965 631 2025 Minerva
649 1987 680 2024 v.
698 1987 724 2024 c.
746 1965 841 2038 irata,
867 1967 946 2044 quod
966 1967 1047 2045 Auge
1068 1965 1133 2024 Alei
1158 1964 1220 2022 filia

140 2068 307 2148 Telephum
337 2089 374 2127 ex
403 2069 497 2147 ipsius
525 2089 593 2128 cum
624 2068 754 2128 Hercule
775 2070 936 2129 concubitu
957 2081 1063 2128 natum
1084 2070 1117 2127 in
1138 2089 1222 2129 sacro

138 2175 206 2233 luco
228 2176 309 2232 Deae
330 2173 474 2252 templum
496 2173 628 2253 cingenti
646 2157 841 2252 deposuerat,
864 2182 959 2232 totam
976 2173 1128 2252 regionem
1141 2182 1222 2251 peste

137 2276 293 2366 infestavit
315 2276 392 2357 (16).
431 2277 534 2356 Neque
555 2277 645 2336 etiam
667 2276 772 2353 credo,
796 2277 894 2337 ubivis
914 2276 952 2335 de
972 2295 1044 2336 vera
1063 2285 1145 2354 peste
1158 2296 1219 2335 esse

140 2383 348 2463 cogitandum,
378 2404 471 2463 quum
498 2384 554 2443 hae
581 2403 654 2444 voce
674 2392 802 2441 utantur
821 2391 969 2455 auctores,
993 2380 1042 2440 sed
1064 2372 1163 2460 potius
1182 2380 1219 2438 de

138 2491 340 2567 cujuscunque
367 2491 481 2568 generis
512 2489 621 2549 morbis
643 2485 836 2567 epidemicis,
856 2485 910 2564 qui
930 2486 968 2543 ob
987 2504 1077 2564 grave
1098 2485 1220 2564 pericu-

138 2592 203 2652 lum
226 2613 315 2670 quarn
336 2592 477 2651 citissime
498 2604 625 2652 mortem
645 2594 809 2653 inducunt:
836 2593 895 2672 ipsi
918 2591 1008 2651 etiam
1028 2601 1144 2651 veteres
1164 2613 1221 2650 vo-

140 2697 221 2757 cibus
252 2706 359 2764 ’νοῦσος
386 2707 417 2754 et
446 2703 549 2773 λοιμὸς
577 2698 660 2776 quasi
688 2697 857 2776 promiscue
894 2705 1037 2767 utuntur,
1070 2695 1142 2754 adeo
1185 2706 1221 2756 ut

137 2811 167 2859 et
199 2801 263 2878 ipsa
296 2799 482 2857 Achivorum
520 2799 610 2878 pestis
647 2800 726 2877 apud
759 2800 923 2858 Homerum
957 2809 1062 2867 νοῦσος
1092 2811 1219 2861 vocetur

138 2912 274 2981 (Νσῦσον
296 2907 348 2962 ἀνὰ
378 2907 504 2981 στρατὸν
530 2897 603 2982 ὦρσε
627 2894 741 2978 uarii).
782 2902 917 2981 Apollini
944 2913 1044 2962 autem
1064 2904 1216 2982 imprimis

139 3005 271 3076 morbos,
302 3005 356 3084 qui
385 3004 528 3064 citissime
554 3014 681 3079 necant,
705 3005 875 3064 attribuisse
894 2994 1026 3078 veteres,
1050 3026 1138 3064 nemo
1159 3007 1218 3064 mi-

136 3109 272 3186 rabitur,
308 3109 360 3189 qui
391 3110 516 3188 cogitet,
555 3130 604 3167 eos
636 3119 764 3167 mortem
795 3109 978 3168 subitaneam
1010 3111 1072 3168 sere
1104 3130 1218 3188 semper

166 3263 215 3317 (13)
232 3264 274 3307 oa.
291 3250 315 3298 Θ
329 3278 364 3306 v..
378 3261 430 3305 eoa.
445 3261 476 3302 cr.
492 3259 543 3303 271.
558 3267 580 3302 u
592 3259 644 3302 323.
974 3298 977 3302 .

166 3344 215 3401 (lt)
239 3347 423 3395 Fnrunaiiuuun,
443 3345 600 3399 Vorlesungen
620 3344 675 3384 iiber
693 3343 729 3384 die
748 3341 830 3384 Gesch.
851 3342 890 3383 der
909 3340 986 3383 IIerlh.
1008 3339 1017 3381 l
1040 3338 1104 3382 Hel't.
1128 3354 1152 3393 p.
1167 3337 1212 3390 66,

139 3430 227 3473 nUnter
247 3428 313 3482 jeuen
333 3428 442 3476 Giittern,
465 3426 549 3473 welche
568 3425 692 3466 kosmisehe
709 3425 792 3466 Kr'aiste
807 3422 988 3478 personificirend
1008 3421 1164 3471 echonisriibe
1178 3421 1218 3461 sur

137 3513 172 3553 die
192 3511 372 3575 Griechen0eiue
391 3510 492 3553 bellende
513 3510 646 3563 Bedeutuug
668 3519 804 3561 gewaunen,
824 3506 855 3546 ist
874 3505 974 3560 ApoHon
996 3503 1057 3546 einer*
1076 3503 1114 3544 der
1134 3508 1216 3544 ersten.

139 3595 180 3634 Als
201 3594 239 3633 das
256 3593 347 3647 Symbol
368 3593 405 3635 des
426 3592 522 3648 heiligen
544 3589 700 3633 Sonnenlicbts
724 3588 820 3645 (Helius)
834 3586 1063 3643 isterJein'18peuder
1076 3586 1218 3640 despLebeua

138 3674 183 3715 und
203 3673 297 3728 Segens,
318 3675 372 3716 aber
391 3674 452 3717 aeine
472 3674 578 3717 Strahlen
596 3672 741 3715 rerwaudeln
761 3671 808 3714 sicli
822 3670 919 3714 anchin
938 3668 1091 3714 verderblicbe
1113 3669 1216 3712 todbriu-

138 3757 206 3811 gende
219 3757 365 3799 Gracchusue?
437 3813 440 3821 Ι
1003 3786 1006 3793 .
1025 3735 1027 3738 ⁴

166 3839 213 3897 (15)
235 3840 263 3884 Ρ.
278 3840 304 3883 F.
318 3840 409 3889 Sruan,
436 3842 480 3883 Die
492 3836 715 3897 Religioni-system
729 3839 768 3880 der
787 3835 897 3879 Hellenen
909 3834 940 3895 {iu
960 3835 1021 3877 ihrer
1033 3834 1220 3890 geschichtlichen

139 3923 317 3979 Entwickelung
329 3923 364 3965 bie
376 3922 419 3965 eul'
431 3923 466 3965 die
479 3916 651 3967 Makedoniichs
665 3921 722 3964 zeii.
736 3921 823 3966 Berlin.
842 3919 915 3970 18³8,
929 3935 952 3977 p.
966 3919 1017 3963 221.

167 4009 214 4064 (16)
235 4009 384 4053 Arouuoooa.
397 3994 430 4052 112
448 4009 469 4051 7.
486 4011 508 4052 4.
