2754 4710
594 445 794 504 ...33-

145 604 298 685 loquitur.
348 603 394 664 An
422 603 501 662 sorte
527 604 618 685 alpha
633 613 752 664 tantum
772 603 956 665 laboraverit
971 603 1130 666 Naaman?
1173 604 1236 665 Hoc

144 708 245 768 eredit
272 706 406 768 Jourdan
427 707 461 788 (l.
485 707 550 787 a),
572 709 645 790 quia
658 730 715 770 rex
735 709 841 790 Syriae
855 729 926 770 aum
943 731 977 769 eo
998 711 1130 793 colloqui
1148 732 1236 772 ansus

144 823 201 872 est.
240 813 300 874 Sed
326 814 556 888 observandum,
591 833 741 895 nusquam
760 815 797 874 de
816 816 871 875 tali
891 816 1041 896 colloquio
1068 838 1137 878 cum
1166 838 1233 898 aege

146 919 255 998 Syriae
272 918 453 978 mentionem
471 917 555 977 fieri:
577 929 608 978 et
624 931 690 979 tum
708 927 835 1000 'quoque
843 966 853 997 ‚
866 920 901 979 si
921 922 1012 980 verba
1033 922 1084 1004 (ΙΙ.
1108 924 1179 1002 Reg.
1196 924 1233 982 V.

145 1019 212 1101 ll.):
244 1021 347 1082 uHaee
373 1022 551 1096 Israelitidis
570 1024 687 1102 puellae
709 1025 821 1101 verba,
845 1046 941 1105 quum
957 1025 1091 1086 Naaman
1111 1026 1232 1087 domino

143 1148 202 1186 auo
221 1126 411 1202 retulisset,’'
435 1125 472 1184 de
491 1129 732 1209 veroleolloquio
752 1139 849 1188 essent
865 1129 1074 1211 intelligenda,
1099 1131 1144 1187 nil
1161 1152 1231 1207 pro-

145 1233 267 1303 barent,
292 1231 350 1290 nisi
370 1231 448 1310 quod
470 1232 609 1310 morbus,
632 1233 702 1292 licet
719 1255 813 1314 aeque
836 1236 977 1295 molestus
988 1282 998 1313 ‚
1014 1246 1115 1294 tamon
1136 1227 1235 1294 minus

146 1337 184 1394 irr
203 1335 329 1394 horrore
351 1334 448 1414 Syriis
469 1335 647 1408 habebatur,
671 1357 763 1417 quarn
792 1339 951 1416 Israelitis3
975 1341 1054 1420 quod
1084 1339 1151 1398 fieri
1179 1360 1234 1419 po-

146 1439 257 1516 tuisse,
276 1449 355 1519 patet
378 1461 421 1505 ex,
437 1440 565 1519 Josepho
592 1422 657 1522 (1),
686 1443 806 1503 dicente
833 1432 914 1523 apud
945 1444 1107 1504 nonnullas
1136 1452 1235 1522 gentes

146 1546 280 1629 leprosos
302 1544 429 1603 militiae
450 1567 555 1625 magna
575 1546 679 1605 obiisse
698 1549 812 1606 munia.
825 1559 855 1608 et
880 1549 962 1608 domi
990 1570 1054 1609 rem
1082 1549 1234 1628 publicam

148 1647 369 1707 administrasse
389 1657 418 1706 et
437 1649 470 1706 in
486 1649 549 1707 loca
567 1671 649 1708 sacra
666 1661 696 1708 et
720 1654 832 1730 templa
851 1653 1036 1731 ingrediendi
1058 1657 1234 1731 potestatem

147 1751 298 1810 babuisse.
330 1750 386 1814 ,Ad
405 1751 581 1830 prophetam
605 1763 684 1812 certe
704 1756 835 1814 Naaman
856 1775 917 1813 non
937 1756 1077 1830 accessit3
1098 1776 1168 1813 nam
1181 1775 1235 1813 ve-

147 1857 196 1915 nit
216 1865 285 1914 ante
306 1856 383 1914 sores
400 1856 624 1916 domusElisaei
645 1858 703 1938 (vs.
723 1857 781 1937 9.).
825 1861 954 1920 Gravem
975 1870 1074 1918 autem
1095 1859 1233 1916 morbum

148 1959 254 2033 fuisse,
279 1970 417 2039 patetex
439 1960 616 2018 muneribus
636 1961 954 2038 magnificentissimis,
978 1982 1054 2040 quae
1075 1981 1174 2039 secum
1195 1960 1234 2017 ad

146 2065 326 2146 prophetam
348 2065 437 2127 duxit
468 2065 526 2146 (vs.
553 2063 607 2143 5.).
649 2065 802 2141 Probabile
834 2077 899 2141 est,
928 2066 1087 2125 Naamanis
1117 2066 1233 2144 lepram

147 2162 272 2230 eandem
290 2168 400 2242 fuisse,
429 2189 489 2248 qua
509 2178 609 2247 postea
636 2168 758 2231 affectus
772 2179 816 2229 est
836 2169 961 2241 Gabari,
986 2191 1122 2250 quaeque
1142 2171 1232 2229 niveo

147 2285 213 2337 arat
237 2275 357 2351 colore,
379 2273 476 2355 qualis
493 2272 584 2331 etiam
604 2284 668 2332 erat
695 2275 779 2359 lepra
798 2275 910 2334 Mariae
940 2276 1007 2354 (tv.
1036 2276 1108 2334 blos·
1129 2274 1231 2350 ΧΠ),

103 2446 108 2453 ,
147 2401 224 2460 quae
246 2381 406 2442 certissime
428 2380 463 2439 ad
479 2380 600 2439 -Leucen
618 2377 778 2458 pertinuit.
820 2377 876 2438 sed
907 2377 1055 2458 quidquid
1083 2380 1137 2450 sit,
1167 2397 1232 2436 rec·

148 2463 209 2546 tius
229 2485 285 2550 hac
314 2487 357 2546 de'
371 2507 404 2546 ro
424 2486 570 2563 judicasse
598 2484 675 2543 mihi
700 2483 823 2543 videtur
841 2483 920 2543 doct.
940 2483 1030 2542 Harle
1048 2481 1095 2563 (2)
1118 2482 1230 2558 dicens,

127 2592 172 2665 goi
191 2591 270 2651 banc
290 2593 452 2669 effiqaciam
472 2593 509 2650 ad
531 2593 643 2671 lepram
661 2588 823 2649 sanandam
846 2608 941 2667 aquae
959 2589 1033 2648 istae
1053 2597 1161 2647 natura
1177 2607 1232 2646 sua

146 2717 252 2757 revera
272 2685 463 2772 habuissent,
483 2697 600 2755 nullum
616 2697 766 2773 leprosum
788 2692 820 2750 in
837 2691 1040 2750 Israelitarum
1059 2700 1138 2751 terra
1158 2689 1228 2750 suis·

146 2819 198 2876 se,
221 2819 288 2857 oum
304 2799 450 2875 Jordanus
469 2819 523 2876 per
539 2808 632 2877 totam
650 2797 727 2855 hanc
746 2805 858 2853 terram
870 2795 958 2855 fluat.
988 2794 1052 2854 Nec
1073 2793 1165 2853 etiam
1181 2793 1231 2851 in-

144 2903 282 2982 dignatus
302 2902 448 2970 Naaman,
471 2921 565 2978 quum
582 2922 599 2956 a
614 2901 760 2980 propheta
785 2899 949 2958 discederet
962 2941 970 2970 ‚
998 2899 1136 2966 dixisset,
1167 2901 1230 2956 Da-

143 3003 277 3065 masceni
293 3002 404 3062 fluvios
418 3003 555 3060 omnibus
574 3004 660 3081 aquis
680 3004 885 3062 Israelitarum
906 3011 1056 3081 praestare
1082 3001 1136 3082 (Π.
1155 3001 1227 3078 Reg.

144 3109 180 3169 V:
210 3108 290 3186 ts),
311 3107 337 3166 si
356 3107 486 3166 virtutes
504 3105 627 3166 Jordani
646 3115 758 3185 tantae·
773 3106 899 3164 fuissent
926 3107 957 3164 in
986 3107 1101 3184 lepram
1123 3125 1229 3164 sanan-

145 3212 223 3271 dam.
267 3210 307 3269 Et
326 3211 471 3290 denique,
493 3208 610 3268 etiamsi
633 3209 724 3268 talem
747 3209 814 3268 vim
842 3211 974 3267 maximo
994 3208 1087 3292 gradu
1110 3207 1231 3268 habuis-

145 3328 209 3389 sent
226 3323 319 3396 aquae
337 3316 461 3376 Jordani
471 3363 480 3393 ‚
509 3302 610 3374 tamen
626 3313 704 3371 mira
722 3313 880 3373 Naamanis
901 3313 1016 3377 sanatio
1040 3333 1156 3391 semper
1183 3322 1227 3372 est

145 3419 293 3493 habenda,
316 3441 409 3500 quum
428 3443 446 3478 a
467 3420 569 3500 morbo
585 3427 648 3476 tam
668 3416 835 3476 universali
854 3437 922 3475 non‘
932 3416 1033 3476 statim
1054 3427 1120 3496 post
1138 3417 1229 3473 lotio-

145 3547 231 3602 nem,
261 3525 333 3585 licet
354 3527 458 3604 septies
483 3525 659 3604 repetitam,
680 3522 782 3582 curari
802 3522 962 3601 potuisset,
988 3521 1048 3578 nisi
1074 3520 1228 3580 accidisset

144 3629 259 3710 aliquid
277 3629 376 3688 divini
393 3628 455 3709 (3).
514 3687 538 3703 ,,

149 3763 349 3777 wm-

155 3785 206 3865 '(l)
224 3810 315 3850 lasura.
337 3807 417 3862 antiq.
435 3809 553 3865 sumaih.
568 3809 614 3851 111.
628 3823 648 3850 a.
664 3807 708 3851 Xl.
725 3811 746 3850 4.
810 3803 842 3863 (2)
860 3805 958 3851 Harma,
972 3805 1057 3859 Essay,
1072 3808 1115 3845 etc.
1132 3816 1155 3856 p.
1175 3800 1224 3843 110.

176 3889 208 3947 (3)
226 3890 251 3931 If
264 3890 339 3931 virtue
355 3890 450 3947 laadnot
464 3890 520 3931 been
535 3889 710 3930 communicator]
732 3897 755 3930 to
777 3891 853 3937 them,
877 3896 937 3942 upon
952 3887 986 3928 his
1005 3887 1107 3930 obedient
1129 3886 1226 3928 submis-

144 3972 190 4015 εἱσι]
207 3980 229 4014 to
246 3973 282 4014 the
298 3973 372 4015 divine
388 3973 512 4015 oommanl.
531 3971 634 4024 (lisura.
649 3973 667 4015 l.
683 3973 719 4029 l.).

1089 4052 1102 4079 ‘l

1088 4079 1105 4108 t)
