2754 4710
563 455 744 514 ..5„..

105 619 255 670 auctorem
287 613 500 692 agnoscebant,
535 623 685 695 quamque
710 635 897 675 communem
934 617 1079 678 bibebant
1119 635 1189 678 cum

106 714 227 775 caeteris
255 714 392 774 omnibus
419 715 553 796 gentibus
562 764 572 794 ,
602 718 662 776 alia
689 727 768 790 erat,
792 740 866 800 quae
885 721 963 800 apud
993 721 1107 781 nullam
1131 722 1191 783 nisi

105 821 181 901 apud
199 819 394 880 Hebraeorum
413 830 530 901 gentem
540 821 667 882 existere
683 832 811 901 poterat.
854 826 934 884 Deus
953 825 1068 887 Jebova
1093 826 1184 906 hujus

104 925 197 1003 gentis
218 935 281 986 κατ’
303 929 405 1000 stopie
422 935 488 986 erut
509 928 607 985 Deus:
630 925 712 985 huuc
729 927 875 1007 populum
899 949 991 989 suum
1008 932 1186 1010 praesertim

105 1034 170 1112 Ipse
189 1031 303 1093 Jehova
323 1031 453 1092 dixerat.
495 1031 539 1092 Ne
558 1029 641 1092 notio
661 1031 748 1090 nnius
769 1031 835 1092 veri
856 1033 916 1092 Dei
932 1054 1053 1112 prorsus
1070 1056 1086 1094 e
1105 1046 1186 1096 terra

102 1139 260 1213 deleretur,
303 1137 464 1197 Abrahami
479 1144 637 1218 prognatos
658 1135 715 1194 sibi
736 1135 857 1195 selectos
879 1146 1020 1216 tanquam
1041 1140 1187 1218 populum

103 1241 311 1304 sacerdotalem
330 1242 457 1320 sumsit,
479 1243 558 1322 apud
569 1263 641 1322 quos
665 1263 736 1301 suus
752 1241 850 1301 cultus
868 1243 982 1321 integer
1002 1253 1185 1319 servaretur,

102 1356 131 1407 et
148 1345 307 1424 exquibus
329 1345 489 1424 aliquando
507 1347 650 1407 Servator
669 1347 775 1407 mundi
787 1358 946 1408 exorturus
962 1359 1047 1408 esset.
1070 1349 1184 1409 Mirum

101 1452 134 1510 iu
151 1450 274 1511 modum
293 1450 443 1529 praestitit
458 1450 622 1529 promissa,
644 1471 717 1530 quae
736 1472 851 1530 proavo
870 1453 1042 1512 Abrahamo
1062 1455 1183 1529 fecerat,

103 1564 131 1615 et
156 1555 300 1615 Hebraeos
328 1573 367 1610 ex
387 1553 533 1613 servitute
565 1555 780 1638 Aegyptiorum
806 1560 945 1619 liberatos
967 1561 1132 1620 incolumes
1151 1561 1186 1621 iu

105 1661 350 1722 Chananaeorum
367 1670 478 1719 terram
496 1659 583 1720 duxit
600 1682 704 1741 eosque
721 1662 758 1720 ad
769 1662 956 1724 debellandos
975 1664 1087 1723 incolas
1098 1664 1186 1724 auxi-

104 1767 142 1824 lio
173 1786 226 1824 suo
254 1765 382 1842 adjuvit.
427 1765 494 1842 Ipse
521 1764 596 1843 leges
623 1767 734 1845 populo
763 1767 916 1826 suodedit
937 1768 1186 1848 etsuepiuspro·

104 1871 219 1952 phetas,
249 1871 332 1930 viros
362 1870 468 1929 divino
496 1890 620 1929 munere
651 1869 770 1928 functos
808 1879 839 1928 et
866 1871 972 1930 divina
1007 1872 1187 1930 auctoritato

103 1977 269 2056 praeditos,
289 1974 389 2049 misit,
421 1984 455 2032 ut
478 1995 547 2032 cum
573 1973 684 2052 populo
706 1993 791 2031 suam
809 1973 995 2032 voluntatem
1016 1977 1186 2034 communi·

103 2092 223 2159 carent,
254 2080 304 2140 vel
323 2100 431 2160 poenas
449 2079 642 2158 propeccatis
672 2077 898 2135 annuntiarent.
940 2077 1023 2149 Quae
1050 2099 1120 2136 cum
1145 2078 1188 2139 its

103 2198 213 2261 essent,
238 2208 299 2245 nou
317 2186 437 2265 potuit,
459 2186 533 2263 quin
562 2184 695 2244 Hebraei·
710 2184 830 2255 omnia,
853 2205 927 2262 quae
947 2184 1023 2242 bona
1040 2193 1093 2243 aut
1109 2185 1188 2244 mala

104 2292 156 2350 sibi
174 2290 361 2363 acciderent,
393 2289 560 2348 tribuerent
584 2287 734 2362 Jehovae,
760 2308 776 2346 e
799 2289 893 2366 Cujus
913 2289 959 2347 ira
979 2310 1081 2348 omnes
1108 2282 1187 2350 cala*-

103 2396 218 2481 mitates
232 2394 383 2472 imprimis
427 2393 556 2473 pendere
586 2393 806 2454 existimabant.
848 2396 932 2468 Quae
958 2397 991 2457 in
1013 2399 1187 2458 universum

104 2521 170 2588 cunr
197 2519 270 2557 vera
311 2499 390 2573 sint,
419 2498 491 2576 quin
510 2498 572 2557 sint
589 2500 744 2559 verissima
760 2502 793 2560 in
816 2502 943 2575 morbis,
967 2503 1033 2582 quis
1051 2512 1113 2580 est,
1134 2507 1188 2584 qui

103 2603 245 2665 dubitat?
289 2601 383 2661 Morbi
398 2603 497 2678 enim,
521 2625 600 2679 cum,
621 2607 706 2665 nulla
723 2627 808 2686 saepe
824 2629 925 2667 caussa
936 2607 1188 2686 manifestaprae-

104 2729 214 2788 gressa,
249 2706 387 2765 homiues
412 2717 517 2784 sponte
548 2710 632 2786 quasi
650 2710 846 2788 invaderent,
878 2714 990 2789 majore
1012 2712 1103 2771 etiam
1117 2713 1188 2789 jure

103 2815 156 2873 soli
178 2813 237 2873 Dei
253 2813 316 2870 irae
334 2811 594 2882 adscribebantur,
617 2836 706 2893 quam
730 2827 865 2898 acceptae
881 2818 918 2876 ab
930 2817 1063 2878 hostibus
1080 2817 1188 2894 clades,

101 2941 227 3001 quarum
245 2939 358 2978 caussas
387 2929 457 2977 ante
473 2920 572 2979 oculos
589 2921 743 2980 habebant.

611 3127 690 3203 §a

146 3341 212 3419 lpse
230 3336 345 3397 Jehova
355 3381 365 3412 ,
384 3336 493 3396 morbis
511 3357 560 3395 eos
579 3343 730 3413 correptos
751 3333 801 3412 iri,
821 3334 876 3413 qui
891 3334 982 3414 jussis
998 3355 1060 3394 non
1077 3335 1191 3411 obtens-

107 3451 278 3522 perassent,
302 3441 384 3502 bisce
404 3440 504 3500 verbis
523 3440 654 3499 minatus
674 3451 754 3502 erat:
778 3441 891 3514 uQuod
911 3441 937 3499 si
957 3440 1034 3499 mihi
1055 3462 1116 3500 nou
1137 3441 1191 3502 ob-

107 3555 304 3624 temperantes
331 3565 393 3602 non
410 3543 615 3623 exsequemini
631 3545 704 3604 haec
716 3546 821 3624 jussa:
841 3546 867 3604 si
885 3546 958 3605 meis
979 3544 1127 3606 institutis
1142 3567 1192 3606 re-

108 3650 259 3731 pudiatis,
283 3685 322 3697 -
344 3649 405 3728 Ego
424 3648 557 3708 vicissim
580 3648 705 3726 sariam,
736 3659 771 3709 ut
790 3671 844 3710 vos
866 3660 896 3712 et
916 3649 991 3709 tabis
1011 3660 1042 3710 et
1061 3651 1192 3711 febrium

107 3764 138 3816 et
153 3757 254 3818 oculos
273 3753 516 3815 consumentium
532 3764 562 3813 et
579 3754 695 3813 animos
713 3754 961 3814 discruciantium
979 3755 1111 3834 pernicie
1123 3774 1193 3836 per-

109 3881 216 3942 sequar
240 3860 307 3942 (111.
328 3859 398 3920 uos.
420 3857 525 3921 xxvi.
551 3859 712 3938 tls-lop’
756 3858 797 3917 Et
814 3858 882 3918 aliis
903 3859 995 3920 locis:
1014 3858 1193 3920 utnsesubit

109 3985 162 4026 vos
184 3965 300 4026 Jehova
334 3972 417 4046 tanta
437 3974 537 4046 peste,
568 3972 602 4022 ut
620 3984 673 4024 vos
694 3963 830 4024 funditus
851 3965 886 4023 de
901 3974 981 4025 terra
1003 3963 1106 4040 tollat3
1127 3964 1191 4024 affi-
