2754 4710
494 454 633 513 -ros
680 487 718 497 -

64 614 242 694 Amphiarai
278 612 398 672 oraculo
435 623 538 671 narrat
566 613 646 671 idem
680 614 756 694 (10).
798 613 864 671 Huc
894 614 982 672 etiam
1011 618 1145 694 pertinet

63 745 128 781 mos
153 722 222 796 ille,
255 741 315 800 quo
346 719 390 794 ii,
412 721 462 798 qui
489 719 591 778 morbo
605 718 707 796 aliquo
728 717 847 776 fuerant
867 721 980 786 sanati,
1004 719 1147 800 imagines

61 827 264 885 membrorum
291 819 435 899 illorum,
467 822 572 902 quibus
599 833 840 901 aegrotaverant,
864 842 899 882 ex
922 845 1018 900 auro,
1039 845 1146 904 argen-

60 943 133 991 tove
154 930 202 989 vel
222 929 308 988 ebore
335 928 557 1005 consectas,ii1
590 927 708 1007 templis
733 936 878 1008 tanquam
898 928 1022 986 donaria
1040 931 1145 990 votiva

64 1034 268 1111 (ἀναθήματα)
298 1031 523 1111 suspendebant.
566 1031 653 1089 Talia
679 1031 803 1090 donaria
824 1033 928 1092 votiva
944 1032 1006 1112 ipse.
1030 1032 1146 1113 llippo-

62 1148 179 1210 crates,
198 1137 287 1213 juxta
309 1135 506 1209 Pausaniam,
531 1136 562 1193 in
583 1136 695 1214 templo
715 1135 883 1213 Apollinis,
905 1137 983 1214 quod
996 1137 1149 1216 eratapud

63 1240 241 1310 Phocenses,
277 1238 469 1317 suspenderat
498 1234 575 1316 (ll).
618 1238 771 1296 Probabile
798 1249 861 1307 est,
884 1239 1006 1298 adhaec
1023 1239 1147 1297 donaria

62 1346 168 1404 votiva
195 1345 284 1402 etiam
314 1343 493 1424 pertinuisse
527 1362 590 1400 ossa
618 1361 671 1417 ea,
703 1361 779 1420 quae
805 1342 915 1421 insigni
944 1343 1148 1423 magnitudine

65 1452 157 1530 Asopi
187 1451 220 1508 in
249 1447 405 1528 gymnasio
426 1447 530 1526 templi
551 1445 719 1525 Aesculapii
736 1448 965 1509 asservabantur
984 1450 1062 1530 (12).
1101 1452 1148 1509 De

61 1555 194 1613 donariis
217 1552 325 1612 votivis
341 1572 475 1632 quoque,
508 1571 586 1632 quae
616 1561 681 1610 tum
700 1551 777 1624 viri,
807 1562 872 1611 tum
893 1553 1031 1612 mulieres
1048 1576 1065 1611 a
1084 1557 1147 1614 Deo

61 1658 175 1728 sanati,
205 1657 278 1715 lmio
304 1666 534 1730 consecrarunt,
559 1653 696 1734 loquitur
728 1655 805 1735 (13).
856 1659 996 1717 Attamen
1023 1658 1146 1718 donaria

59 1762 113 1819 illa
133 1781 194 1818 non
214 1780 330 1839 semper
346 1760 489 1838 imagines
508 1759 713 1818 membrorum
730 1761 863 1837 illorum,
884 1763 995 1841 quibus
1012 1774 1146 1842 aegrota-

59 1875 169 1926 verant
187 1865 283 1924 sanati
293 1912 302 1942 ,
324 1865 411 1924 faisse
430 1865 588 1939 videntur,
611 1873 690 1922 certe
710 1864 856 1943 templum
870 1864 947 1922 illud
966 1866 1143 1945 Aesculapii,

60 1970 144 2050 quod
177 1959 241 2028 erat
271 1969 305 2026 in
330 1968 430 2026 insula
449 1969 507 2040 Co,
534 1977 637 2027 narrat
656 1969 784 2041 Strabo,
807 1969 896 2027 fuisse
915 1968 1048 2029 donariis
1063 1971 1145 2030 voti-

60 2076 111 2134 vis
136 2075 258 2152 plenum
280 2076 292 2150 (
297 2076 491 2148 ἀναθημάτων
511 2073 656 2148 μεστὸν),
680 2074 712 2130 in
733 2073 846 2152 quibus
863 2072 1059 2152 eratApellis
1081 2075 1144 2133 An-

58 2181 193 2260 tigonus3
207 2178 309 2257 ibique
326 2178 416 2235 etiam
436 2176 526 2234 fuisse
546 2176 692 2236 Venerem
710 2197 727 2234 e
748 2177 824 2235 mari
845 2187 1044 2255 emergentem
1065 2176 1143 2260 (lt).

59 2286 138 2344 llaec
164 2281 327 2341 certissime
346 2280 383 2338 ad
404 2281 537 2340 membra
563 2280 767 2359 aegrotantia,
790 2301 827 2340 ex
847 2281 966 2339 metallo
986 2282 1121 2343 conlecta
1131 2329 1140 2358 ,

56 2409 118 2448 non
153 2386 306 2465 pertinent
319 2431 327 2459 ,
358 2384 406 2442 sed
438 2384 536 2464 potius
557 2386 696 2444 universe
712 2385 749 2444 ad
765 2405 855 2463 opera
872 2406 889 2442 a
905 2385 1010 2464 peritis
1029 2386 1144 2446 artfici-
1168 2393 1170 2397 ’

59 2495 117 2553 bus
144 2490 316 2570 composita.
359 2489 616 2560 Quemadmodum
645 2489 771 2547 donaria
799 2489 852 2546 illa
869 2489 974 2550 votiva
996 2491 1028 2548 in
1046 2489 1142 2550 bouu-

56 2620 122 2658 rem
143 2598 194 2656 Det
212 2598 245 2654 in
263 2596 382 2674 templis
402 2593 649 2669 asservabantur,
670 2593 714 2651 ita
733 2603 764 2652 et
781 2593 892 2668 mirae,
916 2615 989 2673 quas
1011 2595 1143 2674 laer-fece·

56 2711 126 2775 rat,
155 2700 324 2759 sanationes
349 2699 381 2756 iu
411 2699 517 2777 templi
543 2697 690 2756 columnis
711 2696 873 2774 inscriptae
898 2700 1059 2758 memoriae
1080 2709 1144 2762 tra-

56 2807 223 2876 debantur,
257 2814 290 2863 ut
322 2803 419 2862 cuivis
449 2802 592 2880 templum
613 2800 794 2879 ingredienti
816 2800 1030 2878 innotesceret,
1052 2823 1142 2880 quam

57 2909 198 2969 salutaris
223 2916 297 2966 esset
315 2909 396 2965 Deus
411 2907 610 2984 Aesculapius.
653 2905 800 2982 Tempore
815 2904 978 2964 Pausaniae
994 2905 1067 2964 tales
1093 2926 1141 2966 co-

58 3014 179 3071 lumnae
211 3031 262 3069 sex
294 3009 392 3069 adlm'c
425 3010 585 3088 intemplo
604 3005 748 3086 Epidauri
769 3018 960 3084 supereraut,
982 3008 1015 3067 in
1037 3009 1145 3088 quibus

59 3119 197 3177 virorum
215 3126 245 3173 et
257 3114 476 3184 foeminarum,
501 3114 554 3191 qui
572 3134 589 3170 a
611 3116 674 3170 Deo
694 3111 902 3183 erantsanati,
927 3112 1049 3170 uomina
1058 3123 1146 3172 erant

58 3222 173 3295 incisa,
207 3239 275 3278 cum
294 3217 440 3292 morbis,
472 3237 533 3297 quo
558 3216 684 3296 quisque
707 3216 912 3289 laboraverat,
933 3225 963 3275 et
981 3219 1145 3277 curationis

58 3328 175 3388 ratione
207 3325 286 3407 (15).
331 3326 390 3383 Hae
414 3323 567 3403 pertinent
596 3322 688 3381 etiam
719 3322 835 3382 tabulae
854 3321 989 3397 votivae,
1015 3343 1145 3402 quarum

59 3435 175 3492 mentio
200 3439 245 3488 est
273 3428 352 3508 apud
384 3428 574 3500 Strabonem,
615 3426 781 3504 quibusque
809 3425 953 3504 templum
982 3426 1142 3506 Epidauri,

118 3544 301 3556 ...ῳ-...-

89 3606 137 3662 (10)
153 3608 222 3648 Paos.
246 3604 266 3648 I.
286 3603 324 3646 34.
347 3601 489 3656 Quicumque
504 3600 590 3641 oraculi
611 3601 699 3642 monitu
718 3601 796 3642 morbo
815 3607 881 3642 erant
901 3599 984 3648 levati,
1005 3599 1144 3650 insontem,

60 3690 100 3743 qui
114 3688 155 3729 illo
168 3687 216 3727 loco
229 3691 291 3733 erat,
305 3697 388 3724 aarum
408 3688 555 3736 argentumve
569 3681 681 3736 signatum
700 3680 844 3735 abjiciebant.

93 3770 142 3824 (ll)
159 3772 228 3812 Paos.
245 3767 276 3808 X.
290 3766 328 3808 32.
362 3797 364 3800 >
876 3760 922 3816 (12)
941 3763 999 3807 lbil.
1014 3764 1061 3806 111.
1077 3764 1115 3808 22.

90 3853 139 3907 (13)
156 3851 265 3893 Annam.
286 3849 351 3890 Orat.
374 3848 397 3888 in
419 3847 541 3901 Aesculap.
562 3861 586 3901 p.
601 3846 642 3891 λ69.
667 3825 695 3880 Ol
714 3821 767 3897 μὲν
787 3823 843 3880 ἀπὸ
864 3831 1011 3899 (Πόμαῑθς
1039 3825 1145 3882 Ollium&

59 3942 229 4016 φράζοντες·
248 3937 276 3993 οἱ
295 3933 327 3992 δὲ
352 3937 382 3992 ἐν
401 3944 462 3998 τοῖς
481 3932 669 4005 ἀναθήμασιν
689 3930 905 4009 ἑξηγοι”μενοι.”

90 4043 139 4097 (14)
158 4042 258 4083 Sraaso.
274 4037 325 4080 Lib.
340 4036 407 4080 XlV.
423 4049 445 4089 p.
459 4033 511 4076 972.
534 4033 566 4075 A.
727 4037 730 4041 ’
862 4029 1114 4086 ¹(15)Pius.1t.27.
