2754 4710
583 457 782 516 ,45-

141 623 201 701 pit,
219 621 277 680 nisi
296 619 487 698 corruptione
504 619 556 676 illa
578 628 693 676 remota
711 627 742 676 et
766 617 834 677 loco
854 617 992 676 absterso.
1035 615 1098 674 llas
1122 625 1226 695 pustu-

141 729 187 785 lae
208 737 238 786 et
261 727 339 784 fiunt
356 725 410 783 illo
430 725 519 784 modo
530 771 539 801 ,
558 724 637 804 quod
659 725 739 782 iuter
757 722 949 802 praeputium
968 731 998 778 et
1025 721 1132 800 pellem
1154 721 1228 779 rcti·

143 841 231 889 netur
249 829 391 902 rnateria,
413 849 503 906 qaam
523 848 585 886 non
604 839 726 906 possunt
746 825 895 886 exhalare.
918 824 1087 884 Putrefirmt
1106 836 1137 883 et
1151 825 1229 884 fiunt

144 933 279 1013 pustulae
298 910 381 991 albae
397 932 448 991 vel
469 932 577 991 rubeae
607 927 708 1011 (50)st
750 929 854 1008 ltaque
882 930 908 987 si
935 929 1008 988 haec
1035 923 1099 986 loca
1127 949 1230 989 seeum

143 1056 372 1116 comparemus‚·
390 1034 532 1093 babemus
549 1033 645 1093 morbi
671 1031 801 1092 indolem
822 1067 861 1080 -
883 1041 927 1091 est
951 1033 1033 1091 enim
1060 1053 1229 1112 gangraenas

143 1139 270 1205 membri
290 1137 408 1198 virilis:
429 1137 570 1196 habemus
591 1146 623 1195 et
637 1156 769 1197 caussam
795 1136 890 1197 morbi
909 1174 950 1186 -
964 1138 1130 1214 sorditiem,
1154 1157 1233 1216 quae

144 1265 181 1302 ex
200 1244 317 1303 actione
332 1241 396 1300 riri
414 1260 481 1298 cum
499 1239 583 1297 foeda
605 1239 732 1298 muliere
746 1243 828 1300 inter
853 1241 961 1321 pellem
988 1251 1018 1300 et
1037 1242 1232 1321 praeputium

145 1347 318 1426 congeritur
329 1368 337 1420 3
359 1354 389 1402 et
401 1343 570 1402 remedium
580 1388 590 1418 ,
611 1324 671 1421 quo
683 1346 756 1404 tales
772 1345 940 1405 affectiones
960 1345 1053 1410 vitari
1066 1344 1181 1424 possint
1192 1342 1231 1391 -ss

144 1452 413 1515 circumcisionem.
455 1450 577 1509 Praeter
597 1448 651 1508 hos
667 1469 685 1506 a
705 1469 755 1507 me
775 1450 881 1508 citatos
904 1458 1040 1508 auctores
1060 1448 1153 1507 etiam
1179 1448 1233 1506 alii

145 1559 236 1636 hujus
262 1557 403 1636 temporis
420 1554 529 1614 medici
548 1554 584 1613 de
605 1552 798 1612 calefactione
824 1552 882 1612 ista
908 1554 1010 1633 virgae
1039 1573 1077 1612 cx
1104 1552 1233 1611 materia

146 1683 295 1724 venenosa
314 1671 380 1740 post
396 1661 509 1720 coitum
527 1660 681 1740 impurum
702 1661 782 1720 inter
800 1661 906 1740 pellem
924 1671 956 1718 et
975 1660 1163 1740 praeputium
1185 1660 1233 1718 in·

147 1767 230 1828 clusa
254 1767 439 1827 mentionem
458 1765 575 1825 faciunt
603 1763 682 1845 (51).
723 1764 852 1824 Videtur
880 1765 1050 1842 contagium
1075 1764 1232 1843 syphiliti·

147 1894 216 1934 cum
236 1870 387 1951 imprimis
404 1870 441 1928 ad
459 1869 630 1928 sraenulum
648 1868 799 1950 praeputii
819 1870 1013 1949 congregari,
1032 1890 1124 1949 quare
1141 1872 1233 1933 etiarn

148 1977 232 2057 Nigri
251 1977 387 2037 Africani
406 1975 670 2037 circumciduntur
689 1997 752 2035 non
770 1995 809 2034 ex
828 1994 930 2034 (artua
947 1973 1103 2054 religiosa,
1126 1975 1178 2034 sed
1197 1994 1233 2034 ex

148 2081 307 2140 ‹liaetctica
327 2078 407 2161 (52).
449 2082 527 2154 Quin
548 2090 578 2139 et
605 2079 794 2141 doctissimus
812 2079 998 2141 Rosenbaum
1023 2077 1089 2159 (53)
1111 2079 1237 2138 videtur

148 2186 295 2266 suspicari
313 2170 436 2244 losuam
456 2185 532 2263 (los.
556 2184 591 2242 V:
612 2186 632 2242 2
653 2184 731 2263 sqq.)
751 2184 819 2241 ideo
844 2184 943 2242 denuo
971 2178 1237 2243 circumcisionem

149 2290 279 2370 populo,
306 2297 468 2367 antequam
497 2297 610 2345 terram
638 2288 846 2346 chananaeam
871 2288 1000 2346 intraret
1010 2334 1019 2364 ,
1052 2289 1237 2368 praecepisse

151 2414 220 2452 cum
241 2411 338 2470 nuper
364 2390 445 2470 apud
474 2390 574 2468 ipsum
594 2391 741 2468 populum
774 2391 898 2451 uidisset
910 2438 919 2468 ,
943 2412 1089 2470 quaenam
1116 2393 1239 2453 incom-

150 2495 240 2555 moda
256 2500 294 2553 e'x
313 2494 394 2552 coitu
416 2504 484 2552 cum
501 2493 642 2552 foeminis
663 2494 755 2552 foedis
779 2495 855 2552 oriri
871 2506 1001 2574 possent.
1027 2496 1139 2555 Artatur
1154 2495 1238 2555 enim

152 2598 222 2682 (511)
239 2599 351 2675 credit,
372 2596 536 2673 israelitas,
559 2618 655 2684 quum
679 2619 750 2658 cum
781 2599 975 2657 Moabitarum
1003 2610 1033 2659 et
1060 2598 1243 2685 bladianita·

151 2725 221 2764 rum
237 2703 345 2783 puellis
366 2704 491 2764 scortati
512 2703 637 2763 luissent
660 2704 722 2783 (tv.
745 2703 819 2762 Mos·
840 2701 936 2762 XXV:
962 2701 1021 2783 1.),
1041 2703 1144 2763 morbo
1161 2725 1240 2784 quc-

148 2808 220 2882 uam
241 2807 416 2889 syphilitico
433 2807 527 2867 fuisse
546 2805 685 2869 affectos:
715 2808 878 2869 secundum
896 2809 1005 2890 ‘virum
1030 2809 1241 2870 doctissimum

152 2915 260 2976 laurum
282 2902 368 2974 Deus
387 2912 589 2993 Baal·Phegor
611 2913 671 2973 suit
693 2914 803 2994 species
823 2914 944 2994 Priapi,
963 2914 996 2972 in
1019 2914 1105 2992 cujus
1128 2913 1244 2993 templu

151 3021 268 3100 puellae
283 3019 551 3100 ‘prostituebantur
568 3018 648 3100 (55)⁴
689 3019 811 3079 Miserat
824 3019 908 3077 enim
930 3037 984 3076 rex
1006 3018 1152 3094 Balacus,
1172 3038 1244 3076 aaa·

145 3126 241 3185 ‚deute
264 3133 334 3183 vate
363 3124 506 3200 balsamo,
537 3122 627 3184 hasce
655 3125 783 3204 puellas,
814 3133 849 3182 ut
875 3121 1038 3200 juvenibus
1067 3121 1243 3204 complexus

153 3229 360 3309 expetentibus
374 3228 478 3290 siciles
496 3249 525 3303 se
544 3229 736 3308 praeberent,
760 3227 811 3286 ubi
836 3246 910 3284 vero
929 3225 1071 3305 cupidine
1090 3235 1192 3305 captos
1212 3236 1244 3285 et

152 3335 287 3393 irretitos
305 3332 452 3421 uidissent
461 3379 470 3410 ,
494 3335 505 3394 l
510 3353 594 3410 agam
606 3333 800 3405 simularent,
820 3341 851 3389 et
868 3330 1107 3403 obsecrantibus,
1131 3339 1164 3389 ut
1177 3352 1245 3390 uia-

151 3467 398 3478 ΜΨ

184 3531 231 3589 (50)
249 3533 389 3582 tatami,
410 3531 538 3586 cnirurgia.
560 3529 625 3573 usta
646 3530 691 3573 vr.
706 3529 748 3573 sor.
766 3529 851 3571 Vena.
863 3507 927 3571 raso.
941 3528 993 3581 utu.
1008 3530 1041 3571 u.
1056 3536 1123 3573 amet.
1137 3530 1175 3573 so.
1190 3544 1211 3574 c.
1221 3531 1245 3576 s.

185 3613 232 3669 (51)
249 3598 387 3664 harilao,
400 3615 475 3656 Parva
488 3612 592 3669 cyrurgia
606 3605 664 3663 doctss
685 3613 731 3655 111.
744 3625 765 3654 c.
787 3611 808 3655 2.
832 3610 1023 3655 -'Guarrmsus
1043 3613 1178 3663 Smenos,
1199 3617 1243 3671 05-

154 3696 238 3751 rurgia.
256 3695 322 3736 Libri
336 3695 356 3738 1.
373 3709 393 3738 c.
408 3697 445 3739 48.

185 3774 233 3836 (52)
249 3779 367 3827 Sonorrr,
382 3779 461 3821 anthe
475 3758 587 3835 synocbus
599 3776 743 3824 atrabiliosa,
757 3790 780 3830 p.
795 3776 832 3818 98.

184 3839 233 3919 (55)
249 3861 293 3903 Die
305 3861 448 3904 Lustseucbe‘
456 3861 488 3902 im
501 3858 602 3904 Altertb.
622 3875 646 3915 p.
661 3857 713 3902 365.
822 3855 869 3916 (54)
887 3856 1042 3909 Rosrnitnu,
1056 3859 1072 3901 l.
1087 3873 1148 3917 ῃ).
1166 3859 1195 3902 82
1208 3876 1244 3917 sq.

184 3941 232 4000 (55)
249 3942 286 3986 Cf.
304 3944 422 3994 Cnauznn,
441 3942 567 3998 symbolik.
580 3941 639 3984 und.
655 3941 689 3984 H.
704 3955 727 3996 p.
742 3938 779 3984 85.
796 3966 826 3987 τ-
841 3941 980 3992 uaWurrr,
993 3941 1181 3998 Arclraeologie,§
1191 3941 1246 3990 232.

153 4041 176 4081 p.
194 4023 245 4068 255.
262 4047 292 4059 κ-
306 4023 412 4071 Wnaa,
429 4022 592 4066 Rcalwiirterb.
612 4028 657 4066 art.
671 4021 752 4069 Baal.
767 4041 790 4082 p.
806 4022 861 4075 139,
884 4031 906 4067 ct
927 4024 1038 4075 Clanius,
1054 4040 1076 4080 p.
1099 4025 1151 4069 260.
