2754 4710
532 443 732 501 ...91-

85 603 246 678 suscitata,
268 600 455 682 detegebant.
499 603 596 676 Quum
615 604 696 661 euim
711 603 804 662 Attici
822 602 933 664 Bacchi
953 603 1164 679 simulacrum,

87 710 170 791 quod
188 728 226 766 ex
251 709 388 768 Boeotiae
406 707 477 766 urbe
494 706 665 767 Eleutheris
681 709 719 768 ad
740 709 870 768 Atticam
889 720 1058 789 portaverat
1078 712 1169 790 Pega-

86 837 154 887 sus,
187 835 248 872 non
274 834 341 873 cum
369 812 562 872 veneratione
581 822 612 871 et
638 811 751 870 honore
768 812 964 891 accepissent,
987 815 1067 872 Deus
1083 833 1167 893 aegre

26 971 28 974 .
85 920 147 978 hoc
176 917 273 975 serens
292 917 331 975 iis
357 916 485 975 immisit
500 915 638 976 morbum
662 914 836 995 genitalium
856 917 1050 975 insanabilem
1075 917 1168 998 (35*).

88 1025 164 1084 Cum
195 1031 295 1080 autem
326 1021 364 1081 ad
404 1021 561 1080 oraculum
592 1016 838 1100 interrogandum
862 994 983 1101 legatos·
999 1021 1169 1096 misissent,

85 1147 261 1207 responsum
284 1139 479 1206 acceperunt,
507 1129 631 1186 unicum
660 1146 720 1186 esse
744 1125 929 1201 remedium,
950 1127 976 1186 si
994 1147 1063 1186 cum
1084 1126 1169 1185 omui

87 1251 195 1312 pompa
216 1230 309 1290 Deum
329 1232 525 1310 recepissent,
546 1232 654 1309 quibus
672 1231 837 1310 legatorum
855 1231 954 1290 verbis
975 1231 1170 1291 Athenienses

88 1335 176 1395 fidem
204 1334 361 1407 babentes,
390 1337 488 1394 Deum
511 1349 692 1416 receperunt
710 1349 741 1396 et
758 1337 881 1416 insuper
902 1337 1042 1397 Phallum
1061 1339 1170 1415 (mem-

86 1440 177 1497 brum
203 1435 307 1517 virile)
335 1438 487 1512 fecerunt,
518 1439 637 1519 Deoque
672 1450 906 1516 consecrarunt,
939 1451 1169 1501 mouumentum

86 1545 232 1606 facientes
260 1543 347 1604 istius
372 1545 469 1603 morbi
501 1545 579 1626 (36).
627 1545 736 1605 Mirum
766 1545 901 1624 profecto
923 1545 1018 1603 videri
1043 1544 1167 1622 nequit,

87 1649 221 1730 partium
248 1648 425 1728 genitalium
453 1647 624 1708 affectiones
643 1649 703 1708 lleo
723 1648 884 1728 adscriptas
904 1650 1011 1718 fuisse,
1030 1649 1068 1708 ad
1086 1649 1171 1727 cujus

85 1752 217 1832 iusignia
241 1751 368 1811 membri
393 1751 490 1810 virilis
514 1750 621 1829 effigies
647 1752 831 1830 pertinebat,
855 1772 1001 1830 quemque
1029 1752 1063 1810 iu
1078 1769 1170 1831 expe·

86 1856 251 1918 ditionibus
284 1856 373 1915 multi
390 1855 444 1914 Dii
472 1855 622 1929 minores,
657 1857 703 1914 uti
731 1855 864 1934 Silenes,
903 1856 1021 1936 Satyri,
1056 1856 1169 1927 Panes,

88 1961 204 2041 aliique
229 1960 379 2020 salacitate
397 1981 451 2018 sua
472 1959 538 2016 noti
557 1958 692 2018 comitati
715 1969 794 2019 sunt.
834 1960 963 2040 Saepius·
973 1970 1075 2035 tamen
1092 1958 1172 2018 idem

88 2065 201 2125 suroris
227 2073 335 2125 auctor
364 2063 442 2142 apud
469 2071 582 2123 veteres
610 2062 729 2122 exstitit
748 2063 896 2140 Bacchus,
917 2063 996 2142 quod
1014 2083 1070 2123 neo
1088 2066 1173 2142 quis-

86 2189 181 2250 quam
214 2163 456 2243 mirabitur','cui
483 2167 517 2225 in
546 2176 676 2227 mentem
704 2169 830 2228 veniunt
858 2168 950 2245 hujus
984 2168 1043 2227 Dei
1069 2167 1171 2247 orgia,

88 2295 166 2355 quae
191 2295 301 2354 magno
328 2293 397 2332 cum
424 2272 535 2339 furore⁴
555 2272 801 2348 celebrabantur,
823 2273 896 2333 adeo
916 2282 952 2330 ut
970 2271 1168 2344 Bacchautes,

85 2379 236 2439 foeminae
252 2378 316 2456 ejus
337 2377 433 2439 cultui
451 2376 585 2452 deditae,
603 2377 789 2456 impudentia
811 2398 903 2447 sua,a
922 2377 1091 2436 furentibus
1110 2397 1172 2436 non

87 2481 260 2552 differrent,
289 2503 381 2562 quare
403 2493 433 2543 et
460 2483 560 2562 ipsum
588 2480 740 2543 Bacchum
768 2483 890 2542 nomine
906 2481 1035 2542 lucentis
1050 2482 1172 2542 ornavit

89 2588 232 2647 Homerus
262 2585 339 2667 (37).
388 2573 459 2655 Solo
477 2585 618 2664 adspectu
637 2588 789 2648 simulacri
806 2585 930 2662 Bacchi,
954 2587 1034 2666 quod
1054 2588 1087 2646 in
1104 2574 1174 2646 arca

85 2690 236 2750 inclusum
263 2710 310 2774 ex¹
326 2690 418 2765 Troja
442 2700 527 2767 capta
552 2690 716 2766 retulerat,
742 2691 860 2751 insania
894 2700 1064 2770 correptum
1083 2690 1174 2751 fuisse

88 2770 280 2873 Eurppylum
306 2791 483 2851 Euaemonis
506 2791 631 2875 filium,
651 2794 723 2851 adeo
741 2804 775 2852 ut
794 2815 864 2859 raro
883 2794 1000 2852 ratione
1018 2803 1169 2865 uteretur,

87 2897 251 2958 narrabant
269 2894 379 2953 Achaei
400 2894 480 2974 (38).
532 2894 662 2953 Dubium
679 2919 753 2956 vero
771 2899 912 2975 videtur,
932 2919 971 2956 au
992 2898 1043 2956 hic
1059 2898 1095 2954 de
1106 2896 1171 2956 Deo

88 3003 168 3059 irato
197 3000 236 3059 sit
255 2983 476 3078 leogitanduin3
508 3007 587 3058 certe
614 2999 651 3059 de
672 3001 726 3060 Dei
756 3000 802 3060 ira
831 2981 894 3059 non
926 3001 961 3059 fit
991 3001 1104 3078 mentio
1111 3023 1119 3075 3
1140 3010 1171 3060 et

90 3125 187 3184 quum
214 3113 329 3164 veteres
350 3103 380 3162 ‘a
408 3101 521 3162 meraci
540 3111 613 3182 potu
632 3103 802 3165 affectiones
821 3104 953 3175 insaniae
974 3104 1051 3162 oriri
1072 3102 1174 3162 crede·

82 3261 330 3270 ——-——-———

115 3347 176 3406 (35¹¹)
198 3349 272 3392 Schol.
287 3348 316 3389 ad
330 3345 564 3390 annuntiatam.
581 3361 616 3390 vs.
634 3348 685 3392 242.
702 3361 724 3402 p.
742 3343 843 3389 attan.
861 3347 982 3388 Ktisraur:
1006 3357 1045 3368 ··
1065 3332 1165 3399 »μηνί-

89 3455 193 3497 σαντος
213 3407 266 3510 yoip
288 3436 340 3489 τοῦ
362 3435 460 3501 θεοῦ,
481 3431 569 3494 νόσος
590 3430 768 3504 κατέσκηψεν
797 3434 839 3494 εἰς
865 3432 899 3485 tri
920 3429 1023 3490 ἀιδοῐα
1043 3433 1100 3487 τῶν
1118 3431 1168 3486 ἀν-

92 3542 168 3616 δρῶν
187 3554 232 3581 ·-·-·
247 3541 297 3594 aul
315 3537 348 3608 τὸ
368 3537 467 3594 δεινὸν
486 3535 643 3606 α’νήκεσῑον
663 3530 732 3608 rial?

120 3657 168 3718 (36)
184 3659 198 3700 tt
211 3644 569 3716 ‘Yudpuppaumovpavoa
589 3647 641 3698 τοῦ
660 3643 809 3705 nullove?
824 3657 862 3702 An
883 3661 974 3715 phallus
1002 3659 1038 3700 hie
1061 3664 1170 3722 tanquam

91 3761 172 3791 verum
187 3745 305 3787 donarium
319 3743 423 3786 votivum
435 3744 523 3786 Baccho
533 3751 678 3786 consecratus
691 3749 739 3792 est,
754 3755 783 3784 an
796 3755 850 3783 vero
864 3741 917 3795 quia
930 3741 1021 3798 phallus
1041 3741 1077 3784 st·
1088 3739 1172 3784 Bacchi

90 3827 186 3883 insignia
203 3825 251 3879 (Cf.
269 3825 355 3878 Srunn.
371 3825 388 3868 l.
404 3840 424 3867 c.
441 3839 464 3880 p.
480 3825 542 3879 374.)
559 3825 703 3879 pertinebat?

119 3927 168 3985 (37)
185 3927 280 3968 nouas·
301 3918 332 3966 Ζ.
356 3944 391 3974 vs.
410 3929 460 3975 132.
475 3909 668 3985 »μαινομένῃ
687 3905 868 3971 Διονύσος.”

119 4012 168 4070 (38)
176 4011 250 4070 [Plus.
266 4012 316 4079 Lib.
333 4013 390 4058 vlt.
406 4027 426 4056 c.
444 4012 478 4056 19.
