2754 4710
588 447 789 507 -68-

152 609 276 679 referri,
290 626 366 686 quae
385 607 466 667 omui
485 617 619 686 tempore
630 609 731 687 generi
752 617 856 667 nostro
874 609 1074 671 saluberrima
1086 612 1235 671 alimenta

151 713 353 789 praebuerunt
377 721 407 771 et
441 712 496 772 sub
525 712 678 771 communi
706 711 933 771 immundorum
971 715 1094 774 nomine
1132 716 1232 774 multa

151 814 274 893 quidem
299 815 530 894 comprehendi,
554 835 685 894 quorum
716 815 843 872 nocivae
873 816 1031 894 qualitates
1048 819 1137 878 nobis
1172 839 1234 876 non

151 917 289 996 liquent.
309 920 360 979 sed
380 921 471 978 etiam
489 920 567 992 alia,
588 937 665 996 quae
676 962 686 992 ,
707 915 733 973 si
755 917 853 975 cibum
872 918 1084 1000 suppeditant,
1105 921 1237 980 sanitati

131 1021 306 1082 bominum
336 1025 369 1081 in
401 1021 572 1102 regionibns
600 1020 663 1078 illis
690 1018 794 1078 calidis
813 1021 976 1080 certissime
997 1023 1113 1081 obsunt.
1159 1025 1233 1099 Sic,

148 1145 244 1204 quum
273 1126 425 1204 legislator
445 1125 571 1183 dixisset
589 1123 661 1199 (ΙΙΙ.
682 1124 756 1190 Mos,
778 1123 825 1184 xl.
846 1122 895 1204 3):
917 1127 978 1184 nDe
996 1128 1080 1184 omni
1092 1127 1235 1205 quadrus

146 1212 256 1305 pedum
276 1248 406 1307 genere,
427 1248 503 1305 quae
520 1225 643 1304 quidem
662 1235 822 1284 versantur
842 1226 877 1284 in
899 1229 996 1300 terris,
1020 1249 1233 1310 quaecumque

146 1329 259 1390 divisas
278 1330 404 1410 ungulas
424 1330 535 1389 habent
558 1339 589 1388 et
618 1327 729 1387 bisulca
745 1339 834 1403 sunt,
856 1330 881 1387 si
906 1332 1080 1408 ruminant,
1102 1332 1142 1391 iis
1160 1353 1232 1392 ves-

147 1433 294 1508 cemini,’'
327 1434 391 1512 ipsa
411 1454 445 1491 ea
466 1432 609 1490 animalia
643 1431 811 1506 indicavit,
832 1453 909 1510 quae
924 1435 1062 1494 omnium
1081 1456 1243 1498 consensu.

146 1534 300 1612 aptissima
325 1546 415 1610 sunt,
450 1534 557 1613 quibus
577 1545 722 1612 tanquam
752 1536 825 1593 cibis
854 1545 973 1594 utamur
986 1583 995 1611 ,
1034 1549 1065 1596 et
1097 1559 1231 1616 quorum

146 1638 207 1696 alio
224 1638 291 1695 loco
307 1638 368 1721 ¹(V.
392 1639 464 1698 Mos.
487 1639 571 1698 XlV·
593 1640 623 1697 lt.
645 1638 678 1716 5)
698 1639 813 1718 optima
840 1641 1022 1703 nominatim
1049 1653 1228 1700 enumerat:

145 1740 215 1800 »His
235 1740 415 1800 animalibus
434 1741 520 1800 vobis
543 1743 622 1800 vesci
644 1743 686 1801 ias
702 1743 780 1801 erit:
803 1742 896 1818 bove,
918 1765 1022 1823 pecore
1041 1746 1155 1822 ovino,
1177 1768 1228 1807 ca·

144 1846 309 1923 prinoque,
332 1865 440 1918 cervo,
463 1865 591 1923 caprea,
614 1847 796 1924 rupicapra,
818 1849 921 1919 dania,
945 1871 1090 1933 pygargO,
1114 1872 1226 1931 oryge,

144 1948 411 2027 camelopardali.''
435 1950 608 2008 immundae
629 1969 701 2023 vero
721 1961 809 2009 erant
829 1971 1034 2030 quaecumque
1052 1953 1165 2012 bestiae
1177 1975 1229 2033 pe-

143 2051 193 2110 des
211 2051 323 2111 habent
352 2036 533 2111 multifidos:
565 2053 624 2111 lmc
650 2053 754 2111 omnia
777 2054 930 2132 pertinent
949 2055 1128 2131 carnivora,
1150 2079 1226 2136 quo-

143 2176 212 2213 rum
234 2176 304 2214 caro
332 2164 412 2214 certe
438 2175 455 2210 a
481 2155 602 2233 populis
634 2156 721 2213 cultis
740 2176 801 2213 non
822 2157 1000 2216 comeditur.
1042 2159 1123 2218 ldem
1146 2162 1226 2220 valet

142 2258 180 2316 de
206 2258 312 2317 avibus
339 2259 523 2317 enumeratis
549 2278 608 2316 vss.
630 2259 768 2333 13-19,
789 2258 898 2336 quibus
916 2260 977 2318 fere
995 2281 1141 2340 nusquam
1160 2282 1226 2321 ves·

143 2370 254 2420 cuntur
281 2361 436 2435 homiues,
458 2361 532 2421 licet
551 2363 660 2419 harum
676 2360 811 2418 omnium
831 2362 930 2420 carnis
949 2363 1071 2420 nocivas
1088 2365 1223 2444 proprie-

145 2475 220 2522 tates
237 2473 381 2542 procerte
396 2464 532 2523 indioare
554 2482 746 2542 nequeamus.
778 2462 832 2522 Sed
853 2484 944 2541 quum
964 2463 1041 2524 hanc
1057 2469 1223 2544 generalio-

146 2587 209 2625 rem
233 2564 460 2643 quadrupedum
483 2559 706 2624 distinctionem
730 2565 846 2624 secisset
865 2567 978 2642 Moses,
1000 2569 1059 2626 alia
1077 2572 1222 2650 quaedam
1257 2630 1260 2635 ,

146 2669 293 2748 expressis
324 2668 426 2726 verbis
452 2667 589 2742 indicat,
618 2689 749 2747 quorum
779 2689 869 2728 earne
898 2683 966 2749 eratv
999 2671 1222 2749 abstinendum3

143 2793 251 2852 nempe
278 2771 443 2840 camelum,
478 2792 581 2846 suem,
602 2773 733 2852 leporem
755 2781 785 2830 et
808 2773 990 2836 cuniculum.
1015 2774 1129 2853 Notae,
1152 2800 1222 2858 quas

143 2878 294 2958 legislator
309 2874 472 2933 immundis
488 2875 686 2955 adscripscrat
713 2877 838 2955 (ungues
863 2876 968 2934 bisulci
988 2888 1018 2936 et
1033 2881 1221 2962 ruminatio),

143 2984 177 3040 in
204 2981 252 3040 his
284 2980 385 3038 minus
405 2976 556 3038 evidentes
575 2987 667 3052 sunt,
701 2978 752 3037 vel
772 2979 859 3056 plane
877 2977 1038 3048 deliciunt:
1059 2983 1121 3055 sic,
1143 3007 1175 3045 v.
1194 2976 1228 3044 οξ

143 3085 273 3146 camelus
297 3102 403 3142 revera
430 3082 468 3139 ad
494 3081 683 3141 ruminantia
711 3091 741 3140 et
764 3081 875 3140 bisulca
907 3084 1057 3161 pertinet,
1082 3108 1174 3165 quam
1187 3089 1222 3146 ob

144 3211 208 3249 rem
233 3187 300 3264 'ejus
327 3205 417 3244 carne
443 3183 608 3244 certissime
636 3195 778 3262 tanquam
808 3184 921 3243 munda
939 3185 1075 3246 alimenti
1092 3189 1158 3250 loco
1177 3191 1221 3252 usi

144 3295 270 3354 fuissent
291 3289 462 3362 Israelitae,
484 3288 542 3347 nisi
558 3288 618 3348 hoe
635 3287 812 3346 animalium
832 3308 923 3366 gersus
938 3290 1103 3368 excepisset
1117 3296 1219 3356 Moses.

145 3394 276 3454 Videtur
304 3389 479 3470 legislatoris
499 3391 627 3449 multum
656 3389 845 3464 interfuisse,
877 3401 911 3448 ut
935 3392 972 3450 ab
995 3392 1105 3453 horum
1134 3418 1219 3457 carne

145 3498 329 3558 abstinerent
364 3491 534 3565 Israelitae3
575 3512 645 3550 nam
676 3512 762 3553 secus
792 3513 856 3551 rem
885 3513 946 3551 non
968 3492 1046 3554 tanti
1077 3500 1218 3561 momenti

133 3586 325 3672 censuisset,
367 3605 401 3655 ut
428 3604 548 3674 praeter
580 3587 791 3674 generaliorem
822 3595 914 3674 legem
946 3597 1035 3655 etiam
1063 3604 1217 3679 specialem

146 3701 296 3784 quandam
325 3698 361 3756 de
387 3698 425 3756 iis
453 3696 632 3756 institueret·
678 3699 725 3758 An
756 3683 857 3756 caussa
884 3696 957 3758 haec
974 3699 1128 3764 diaetetica
1154 3708 1217 3767 sue·

144 3805 211 3867 rit?
256 3806 301 3863 De
334 3801 516 3862 camelorum
551 3822 641 3861 carne
672 3803 732 3873 tale
752 3800 826 3881 quid
850 3822 911 3860 non
937 3805 1084 3866 affirmare
1113 3813 1215 3871 ausim:

146 3909 317 3972 notissimus
338 3905 419 3964 enim
448 3915 492 3964 est
512 3906 642 3966 Arabum
659 3926 722 3965 mos
746 3904 872 3962 camelos
900 3908 1069 3986 mactandi,
1100 3915 1217 3992 qnando

146 4014 217 4096 ipsis
239 4012 271 4071 in
307 4007 430 4069 desertis
457 4007 543 4069 cibus
560 4007 673 4084 delicit3
705 4027 805 4087 neque
837 4007 1040 4086 incommoda,
1071 4027 1215 4099 quantum
