2754 4710
668 474 866 531 ..95-

228 635 379 698 Proetidas
399 635 535 695 Junom's
563 634 758 694 simulacrum
782 632 992 711 vilipendisse,
1011 631 1144 712 et‘quod
1164 631 1320 713 Pherecy-

225 741 275 799 des
301 749 420 815 narrat,
460 760 508 798 eas
537 739 655 812 dixisse,
674 738 797 796 domum
829 736 923 815 patris
949 738 1045 796 multo
1074 738 1315 815 essef‘ditiorem,

228 865 318 924 quam
347 844 492 922 templum
522 842 649 902 Juuonis
679 838 756 921 (58).
808 839 918 899 Forsan
948 852 980 900 et
1007 842 1157 902 Junonem
1181 842 1316 901 offende-

227 962 301 1015 runt
323 960 354 1008 et
380 949 528 1009 Bacchum
553 954 794 1019 contemserunt,
829 948 875 1005 uti
897 948 989 1005 etiam
1006 958 1168 1007 autumare
1189 949 1318 1008 videtur

226 1057 323 1117 Stuhr
355 1055 434 1138 (59).
495 1055 558 1114 Hoc
587 1055 692 1112 saltem
721 1052 821 1130 potius
852 1072 892 1110 ex
917 1061 1057 1110 veterum
1087 1052 1317 1111 narrationibus

228 1160 448 1225 conficiendum
475 1179 535 1218 esse
564 1156 642 1216 milri
669 1156 808 1229 videtur,
839 1175 928 1234 quam
958 1155 1120 1234 explicatio
1137 1166 1173 1214 'a
1207 1155 1316 1216 claris·

227 1265 303 1323 simo
331 1262 475 1342 Sprengel
504 1261 597 1339 hujus
629 1260 727 1340 mythi
752 1260 873 1319 tradita.
926 1259 980 1318 llio
997 1259 1079 1317 enim
1102 1257 1176 1340 (60)
1196 1262 1313 1338 credit,

228 1369 380 1429 Proetidas
408 1367 636 1426 matrimonium
654 1365 790 1444 ·—'qu0d
809 1365 932 1423 lunoni
963 1373 1007 1423 est
1031 1386 1150 1424 sacrum
1173 1401 1212 1414 -
1237 1369 1315 1428 inire

227 1473 416 1552 repudiasse;
449 1472 581 1529 maniam
606 1480 707 1529 autem
735 1481 870 1530 exortam
892 1476 960 1530 ‘esse
990 1491 1027 1528 ex
1044 1492 1106 1529 non
1122 1472 1245 1550 expleta
1262 1464 1344 1534 vei

230 1578 311 1637 neris
338 1576 480 1651 libidine,
509 1596 587 1654 quse
615 1576 703 1634 talem
730 1575 868 1636 ellectum
888 1575 968 1653 apud
985 1575 1098 1654 puellas
1118 1576 1312 1649 incultassa-

229 1683 341 1744 cillime
360 1703 498 1743 exserere
514 1682 623 1761 possit,
643 1682 771 1762 ideoque
786 1681 823 1740 ad
845 1681 1051 1761 gravissimam
1068 1683 1198 1762 speciem
1218 1685 1311 1744 morbi

229 1788 372 1870 hystorici
401 1788 589 1868 pertinuisse.
633 1788 691 1848 Sed
720 1789 746 1848 si
771 1788 844 1847 adeo
864 1789 997 1848 incultae
1023 1789 1152 1860 suerint,
1178 1813 1218 1850 an
1243 1803 1310 1852 tune
1363 1862 1367 1871 Ι

230 1897 297 1954 veri
323 1905 368 1953 est
393 1894 511 1966 simile,
543 1914 591 1952 eas
617 1893 844 1952 matrimonium
871 1893 950 1952 inire
970 1893 1164 1972 repudiasse?
1206 1896 1308 1956 Matri·

162 2034 170 2049 ·
227 2000 324 2059 monii
349 2009 514 2058 contemtus
544 2007 625 2058 certe
645 1997 723 2077 apud
742 1996 834 2054 nimis
848 1999 957 2069 cultas,
979 2017 1070 2077 quam
1089 1999 1170 2078 apud
1185 1994 1310 2060 incultas

230 2103 345 2184 puellas
372 2102 488 2181 saepius
505 2122 665 2161 occurrere
684 2101 760 2160 mihi
780 2100 916 2161 videtur.
959 2102 1116 2160 Praeterea
1135 2103 1217 2182 apud
1237 2105 1309 2184 ipsos

230 2217 348 2266 veteres
376 2206 455 2264 nihil
480 2205 664 2284 reperimus,
692 2225 753 2284 quo
774 2206 838 2265 viri
865 2207 1022 2266 clarissimi
1043 2210 1216 2286 conjectura
1243 2232 1312 2271 con·

230 2310 378 2370 firmetur.
421 2309 507 2367 Dicit
537 2308 719 2387 Pherecydes
755 2311 790 2392 (l.
813 2310 854 2390 c.)
888 2313 1041 2374 Proetidas
1068 2335 1108 2374 ex
1135 2316 1312 2376 inconside-

232 2415 356 2482 rantia,
391 2432 469 2490 quus
494 2414 666 2494 juventuti
695 2424 741 2471 est
766 2416 916 2495 propriu,
944 2427 1049 2476 contra
1075 2419 1228 2478 lunonem
1251 2441 1315 2500 pec·

231 2538 310 2578 casse
332 2519 685 2594 (anathematisamus
706 2516 832 2595 (Burtm.
864 2524 915 2594 τήν
942 2527 975 2585 ἐκ
1000 2525 1151 2598 νεότητος)
1176 2525 1313 2586 drausio·

231 2631 349 2704 γιστὶαν
369 2626 560 2700 ἀμαρτουσών
578 2627 620 2687 εἰς
641 2621 766 2698 Ἥραν).
793 2620 842 2679 An
860 2624 896 2682 ad
922 2624 1001 2684 hanc
1028 2626 1316 2689 inconsiderantiam

227 2729 400 2808 juventutis
427 2726 558 2806 pertinet
580 2726 770 2784 matrimonii·
799 2731 990 2789 contemtus?
1033 2730 1142 2789 Annon
1166 2733 1205 2791 ad
1241 2734 1316 2794 hanc

231 2835 332 2914 potius
357 2831 490 2912 pertinet
516 2852 593 2891 vana
611 2830 789 2890 divitiarum
811 2841 842 2891 et
860 2833 1034 2910 opulentiae
1050 2834 1221 2913 jactitatio,
1243 2860 1319 2918 qua-

230 2939 290 2998 lem
320 2937 357 2997 de
389 2937 450 2996 illis
476 2946 582 2997 narrat
612 2937 823 3017 Pherecydes?
875 2939 1008 3014 Scilicet,
1031 2959 1126 3016 quum
1155 2955 1271 3019 essent¹
1286 2947 1320 3005 in

232 3042 344 3122 templo
372 3042 517 3113 lunonis,
550 3043 608 3102 hoc
635 3043 765 3101 ludibrio
795 3043 983 3118 habuerunt,
1000 3044 1131 3104 dicentes
1148 3049 1246 3126 patris
1267 3051 1323 3109 do-

231 3171 314 3210 mum
335 3149 431 3208 multo
455 3149 598 3208 ditiorem
616 3169 687 3208 esse.
728 3148 933 3208 Simulacrum
958 3158 1060 3209 autem
1079 3148 1206 3209 lunonis
1217 3198 1227 3227 ,
1239 3155 1324 3233 quod

233 3253 428 3333 vilipendisse
446 3253 600 3313 Proetidas
623 3253 697 3313 dicit
717 3253 890 3325 Acusilaus,
910 3250 1005 3309 credit
1029 3252 1084 3312 cel.
1105 3252 1207 3333 Heijne
1229 3257 1319 3339 (61),

259 3474 309 3532 (ss)
326 3476 401 3520 sun.
416 3476 512 3517 usna.
528 3474 609 3529 osy...
623 3459 655 3510 0.
671 3487 706 3515 vs.
723 3471 774 3514 225.
791 3472 828 3514 cr.
843 3473 919 3521 rm.
936 3475 969 3518 rr.
984 3474 1019 3519 aa.
1035 3472 1173 3533 seusus.
1188 3489 1210 3529 p.
1230 3475 1284 3522 ηε.

262 3556 309 3615 (59)
325 3559 405 3602 &una
419 3557 437 3599 l.
453 3570 473 3600 c.
497 3569 519 3609 p.
537 3555 589 3598 296:
604 3580 635 3589 -
649 3555 776 3611 uWogegen
793 3555 843 3597 sich
863 3556 888 3598 in
901 3556 1059 3612 Verh'o'lmung
1071 3556 1110 3598 der
1124 3557 1187 3598 Hera
1199 3560 1250 3602 und
1264 3562 1325 3608 ver.

231 3637 330 3694 schtung
342 3639 379 3680 des
393 3638 504 3692 Dionysos
519 3637 555 3678 die
570 3635 668 3677 Tiicbter
680 3637 717 3678 des
731 3639 827 3680 Proetus
840 3640 964 3682 stratilites.
1090 3614 1094 3621 ι

263 3719 311 3773 (60)
327 3721 468 3762 Ssuanomls
481 3719 554 3762 Bcitr.
570 3734 589 3762 z.
605 3718 687 3762 G'ssch.
701 3719 724 3763 d.
739 3720 800 3762 Med.
815 3720 838 3764 S.
854 3722 888 3764 11.
903 3735 925 3775 p,
940 3722 977 3766 46.
994 3720 1050 3776 Ejus
1064 3720 1146 3766 Gescb.
1160 3722 1184 3765 d.
1199 3722 1323 3784 Armeyk.

232 3801 263 3863 Τ.
278 3802 299 3845 Ι.
316 3814 339 3854 p.
356 3800 397 3844 les
414 3799 457 3852 (sd.
476 3800 562 3858 182l.}.
593 3800 631 3842 ef.
645 3799 779 3857 Roasrzscu
788 3834 795 3854 ,
809 3804 969 3859 Compendib'se
983 3805 1065 3849 Geseh.
1082 3805 1105 3849 d.
1121 3805 1222 3850 Medicis
1237 3809 1323 3867 δεμες.

235 3883 302 3930 1838.
318 3882 384 3927 Hert.
399 3885 419 3927 1.
433 3898 457 3939 p.
473 3883 509 3927 24.
541 3884 689 3953 Furanrparea
704 3883 920 3942 Literirgescbichte
941 3887 981 3928 der
994 3886 1124 3945 Patbologie
1144 3888 1191 3930 und
1205 3888 1324 3945 Thsnpie

234 3967 274 4011 der
285 3965 432 4022 psycbiscbeu
445 3966 611 4009 Kraukbeiteu.
627 3963 692 4008 1830.
707 3978 729 4020 ι).
750 3966 787 4013 25.

264 4047 313 4104 (61)
327 4048 428 4109 llsrra,
443 4047 498 4091 Obs.
512 4048 538 4092 iu
550 4038 692 4104 Apollod.'p.
709 4047 759 4094 111.
