2754 4710
570 477 790 555 -1674

147 651 230 711 batur
260 652 467 731 Aesculapius,
496 654 641 733 originem
683 655 816 716 ‹ltrxisset
856 655 959 733 ingens
997 656 1050 714 illa
1087 657 1227 716 Aristidis

143 755 339 817 aestimatio?

628 861 644 934 ξ
668 865 718 922 25.

182 1065 278 1125 Juxta
311 1064 444 1124 Plinium
472 1066 599 1126 Romani
627 1067 694 1127 ideo
722 1076 808 1126 entra
839 1068 941 1126 urbem
968 1068 1121 1127 ininsula
1142 1079 1222 1128 teru-

142 1170 230 1248 plum
251 1169 421 1248 Aesculapii
440 1179 617 1228 struxerunt
626 1216 635 1246 ‚
656 1171 728 1249 quia
746 1181 838 1230 artem
857 1171 953 1250 ipsam
970 1171 1113 1231 medicam
1139 1173 1224 1232 darn-

140 1273 342 1352 nabuutl58l·
383 1273 479 1334 Aliter
494 1294 568 1333 vero
586 1273 642 1332 hac
653 1274 690 1332 de
708 1295 739 1333 re
755 1275 869 1352 judicat
880 1275 1067 1348 Plutarchus,
1089 1296 1222 1334 caussam

141 1375 235 1453 hujus
258 1376 313 1437 rei,
345 1395 405 1435 esse
444 1396 592 1453 asserens,
626 1377 708 1455 quod
736 1379 800 1436 lom
832 1388 918 1437 extra
945 1378 1030 1437 urbes
1057 1378 1222 1437 salubriora

141 1489 349 1558 sunt‚1quam
380 1480 467 1539 intrav
486 1480 569 1538 urbes
582 1527 591 1556 ‚
621 1481 671 1539 vel
700 1483 888 1558 quodetiam
909 1481 1055 1561 Epidauri
1078 1482 1221 1562 ternplum

142 1593 228 1644 extra
257 1583 359 1643 urbcrn
383 1594 448 1643 erat
470 1585 673 1658 aedificatum
694 1607 763 1644 nam
790 1585 879 1644 etiam
902 1582 1005 1644 Graeci
1022 1584 1057 1641 in
1075 1584 1148 1645 locis
1167 1605 1224 1662 pu·

141 1686 184 1746 ris
211 1696 253 1748 et.
270 1686 394 1747 excelsis
424 1688 577 1767 Asclepion
600 1687 844 1770 t1abebsnt(59).
884 1689 923 1746 Et
937 1689 1069 1766 profecto
1090 1689 1222 1767 plurima

141 1789 311 1868 Aesculapii
351 1791 459 1870 templa
498 1794 588 1851 situm
629 1793 817 1851 sanissimum
854 1791 1016 1866 habetisne
1057 1793 1090 1850 in
1127 1793 1222 1852 calido

139 1891 324 1955 Graecorum
349 1895 469 1955 climate
496 1895 587 1954 maris
620 1904 651 1956 et
678 1897 825 1955 montium
855 1896 1065 1975 propinquitas
1080 1897 1119 1954 ad
1138 1898 1219 1954 loco-

137 2017 208 2057 rum
235 1995 397 2075 puritatem
420 2006 451 2057 et
470 1998 676 2056 salubritatem
702 2019 791 2076 quarn
817 1988 947 2058 maxime
966 2000 1103 2059 conferre
1131 2000 1221 2059 debe-

136 2101 204 2160 bat:
228 2100 454 2161 celebcrrimum
475 2101 552 2159 illud
571 2101 771 2180 Epidaurium
791 2107 896 2164 sanum
910 2115 1010 2163 autem
1026 2125 1044 2160 a
1062 2105 1139 2162 mari
1160 2126 1223 2164 non

136 2203 233 2284 longe:
253 2203 381 2269 distabat
404 2215 434 2263 et
457 2205 494 2262 ab
515 2206 652 2266 omnibus
679 2210 812 2287 partibus
831 2219 903 2268 erat·
918 2209 1070 2268 montibus
1091 2211 1222 2269 circurn-

136 2311 257 2376 datum·
269 2310 353 2394 (60):
380 2312 418 2370 ad
442 2312 537 2370 imum
554 2314 659 2372 collem
677 2314 774 2389 ittud,
788 2314 868 2391 quod
883 2325 947 2371 erat
962 2313 1140 2391 Megalopoli
1154 2312 1221 2393 (61)

136 2426 169 2477 et
184 2419 340 2479 iumento
358 2419 415 2477 Ilio
434 2440 525 2497 propa
545 2420 677 2494 flumen,
696 2418 811 2476 dulcem
834 2415 1006 2496 potantibus
1024 2437 1134 2494 aquarn
1152 2416 1223 2475 sun-

136 2521 228 2593 derisa-
238 2520 353 2581 incolae
363 2522 661 2582 Lacedaemoniorum
680 2520 873 2580 urbisLantis
892 2520 1060 2598 Aesculapii
1076 2520 1222 2599 templum

133 2632 312 2687 summat
330 2626 410 2704 (62).
449 2626 590 2686 Eleorum
611 2637 709 2685 autern
728 2626 827 2704 regio,
846 2626 879 2682 in
900 2645 959 2702 qua
982 2625 1050 2682 urbs
1084 2625 1217 2702 Cyllene,

135 2728 192 2791 uhi·
215 2739 281 2793 ml
306 2730 397 2788 etiarn
422 2733 568 2810 templum
587 2729 766 2808 Aesculapii,
777 2739 842 2787 erat
862 2710 1064 2804 fertilissima,
1082 2729 1119 2786 ad
1140 2750 1222 2787 mare

135 2831 308 2921 sitarffllz
332 2836 411 2897 Cotln
439 2837 568 2916 denique
597 2837 724 2896 insulam
755 2833 873 2911 frugum
893 2832 1021 2890 feracem
1042 2840 1072 2888 et
1092 2834 1220 2891 Codrum

136 2936 243 3001 urbem
259 2939 475 3018 appellentibus
498 2950 655 3019 conspectu
668 2939 915 3016 jucundissimam
926 2949 1015 2997 vocat
1026 2939 1131 2997 Strabo
1142 2937 1219 3017 (64).

136 3040 228 3112 ΟΜ·
251 3061 346 3119 qunm
372 3043 415 3101 ita
443 3044 519 3116 sint,
550 3044 653 3102 fidem·
671 3061 777 3120 negare
797 3060 859 3099 non
885 3061 1039 3121 possumus
1069 3040 1215 3115 Aristidi,

136 3143 247 3217 <liuenti
275 3145 478 3224 pulchriorem
505 3148 634 3206 alteruni
654 3148 752 3205 locum
770 3145 905 3204 inveniri
922 3166 983 3204 non
1005 3165 1105 3224 posse,
1128 3165 1219 3222 quam

135 3247 199 3311 ulsi-
212 3249 361 3327 templum
388 3250 555 3329 Aesculapii
574 3261 639 3311 erat
658 3260 806 3310 structum
828 3249 915 3328 (65);
941 3249 1012 3308 licet
1028 3250 1218 3327 caeteroquin

137 3359 238 3411 anus
263 3371 316 3427 nos
347 3372 409 3411 esse
433 3365 581 3433 oporteat,
607 3376 644 3412 ne
669 3357 788 3432 omnia,
808 3375 885 3436 quae
906 3355 983 3414 mira
1001 3356 1037 3413 de
1056 3344 1217 3432 ⁸Asclepieis

141 3504 310 3520 Q—

165 3598 212 3657 (st)
228 3601 299 3644 Pm.
313 3600 366 3643 Lib.
381 3601 470 3643 XXIX.
485 3616 506 3646 c.
522 3601 540 3643 l.

165 3679 212 3739 (59)
227 3683 302 3724 Paua.
323 3683 416 3736 Quaest.
439 3682 535 3724 Roman.
557 3698 581 3736 p.
602 3683 653 3726 286.

167 3763 214 3819 (60)
230 3765 300 3810 Plus.
321 3765 354 3806 11.
368 3778 390 3806 c.
406 3763 443 3807 27.
456 3764 489 3805 iu.
503 3764 541 3807 Cf.
557 3765 656 3806 suanno.
677 3764 727 3806 Lib.
749 3763 819 3806 Vlll.
840 3776 863 3816 p.
883 3759 934 3805 575.
950 3763 977 3802 B.
992 3761 1023 3803 al.
1039 3776 1061 3815 p.
1078 3761 1130 3803 374.

166 3845 213 3901 (bl)
228 3847 298 3890 Paos.
314 3846 385 3891 vm.
402 3860 421 3888 c.
437 3845 475 3889 32.

167 3926 215 3982 (62)
230 3928 364 3971 Pauadll.
378 3941 399 3970 c.
416 3927 452 3972 lt.
510 3936 514 3944 ⁴
877 3926 924 3983 (63)
942 3928 1009 3970 Pius.
1026 3927 1072 3971 VI.
1087 3943 1107 3970 c.
1124 3926 1159 3969 26.

169 4002 214 4064 tas)
230 4008 328 4052 sauss.
342 4009 394 4053 ms.
409 4010 478 4054 xiv.
494 4026 516 4064 p.
530 4009 580 4052 sn.
602 4011 635 4055 n.
650 4012 680 4054 u.
697 4028 720 4067 p.
735 4011 786 4055 ssa.
810 4006 823 4047 u
834 3991 953 4046 ἰδεσθαι
976 3989 1110 4059 ἡδίσιηΡ

174 4085 218 4145 (65)
234 4091 343 4135 Ausum.
364 4093 428 4136 Orat.
444 4092 473 4135 Τ.
490 4093 509 4134 Ι.
525 4107 548 4146 p.
562 4091 604 4134 589
626 4108 659 4148 sq.
