2754 4710
426 443 644 502 -159-

125 616 207 666 utem
236 615 336 665 autem
353 604 408 663 filii
429 603 584 664 Actaeonis
601 602 699 662 dictus
720 603 812 662 estin
832 605 911 662 Ceon
930 603 1058 661 insulam

125 730 146 786 e,
162 709 272 789 ibique,
288 729 356 767 cum
368 716 459 766 totam
470 706 625 767 Graeciam
634 707 724 785 pestis
734 707 770 765 de
781 709 986 786 popularetur,
1008 729 1061 786 pro

125 812 236 870 mnium
267 811 449 870 Graecorum
476 808 671 885 sacrificasse,
693 812 886 891 precibusque
903 811 990 871 facile
1013 833 1061 870 re-

129 917 242 977 Etesias
268 924 387 983 ventos,
420 911 472 991 qui
507 931 542 970 eo
562 921 696 993 tempore
729 917 960 994 conspirabant
982 915 1060 995 (26).

125 1031 251 1101 iper-tum
281 1029 339 1092 eet,
373 1016 424 1076 hic
455 1015 579 1076 eandem
612 1038 665 1098 per
686 1020 900 1079 incantationes
920 1031 950 1079 et
969 1024 1062 1081 sacri-

125 1126 256 1185 dicinam
283 1123 392 1182 factam
420 1120 531 1193 fuisse,
559 1122 643 1199 cujus
663 1123 723 1200 jam
743 1125 860 1203 saepius
880 1130 1062 1186 mentionem

157 1252 248 1311 quam
281 1249 374 1308 quum
405 1227 448 1285 ita
477 1225 639 1305 discipulus
670 1228 861 1305 exercuerit,
899 1250 960 1287 non
997 1239 1060 1303 est,

125 1357 159 1394 m
180 1334 343 1408 credamus,
365 1330 466 1388 eadem
487 1330 612 1389 curandi
633 1329 774 1390 methodo
783 1331 874 1391 etiam
886 1333 1060 1411 magistrum

125 1462 142 1497 u
172 1459 259 1497 usum
290 1436 399 1510 fuisse,
431 1454 519 1513 quem
550 1456 621 1494 mox
659 1456 741 1496 sacra
771 1438 873 1498 secisse
899 1448 932 1495 et
961 1449 1072 1498 vatem

125 1543 285 1603 obavimns
306 1538 387 1620 (27).

481 1747 495 1822 5
516 1748 568 1804 22.

125 1940 240 1991 >olemus
263 1931 385 1990 curandi
408 1928 601 2004 methodum,
622 1950 680 2007 qua
697 1940 833 2008 tempore
848 1930 919 1988 belli
939 1932 1066 2010 Trojani

125 2056 254 2094 omerum
276 2034 382 2093 Graeci
403 2033 450 2091 usi
472 2042 558 2106 sunt,
581 2034 693 2092 scilicet
704 2054 757 2113 per
768 2035 986 2095 incantationes
997 2039 1065 2119 (28)

127 2228 143 2258 u
161 2215 207 2258 Sic.
222 2214 274 2257 Lib.
289 2214 333 2258 tv.
349 2228 369 2254 c.
385 2212 422 2255 82.
439 2213 477 2264 (Τ.
494 2213 514 2254 1.
529 2226 552 2267 p.
567 2207 619 2255 325.
635 2208 682 2260 (Cf.
697 2211 775 2252 oran.
790 2211 869 2253 Am.
890 2212 973 2255 Strcm.
986 2213 1065 2266 vap.

125 2309 174 2340 sos.
188 2297 265 2338 Ruoo.
277 2295 360 2350 'Argon
379 2295 413 2338 11.
429 2290 480 2335 525.
497 2307 546 2348 sqq.
564 2293 601 2334 Ab
613 2291 655 2333 hoc
667 2289 718 2333 inte
731 2298 829 2346 ternpore
843 2291 882 2335 cei
896 2292 1014 2348 diligenter
1027 2307 1065 2334 or-

125 2378 169 2419 slae
183 2401 213 2412 -
227 2391 271 2432 quo
288 2383 386 2430 tempore
399 2376 487 2418 Etesiae
501 2374 598 2417 incidere
612 2375 713 2417 solebant
726 2401 756 2410 -
770 2376 889 2432 quotannis
902 2378 1065 2427 observabant,

125 2459 212 2501 aiebant
224 2457 421 2513 coniecturamque
434 2458 566 2512 capiebant.
582 2457 709 2499 salubrisne
722 2471 751 2499 an
770 2459 874 2512 pestilens
887 2473 959 2503 annus
972 2461 1066 2503 futurus

125 2555 155 2586 aa.
171 2542 248 2583 Ruoo.
270 2541 304 2581 11.
319 2538 370 2582 528.
402 2540 477 2582 Schol.
500 2540 525 2580 in
539 2538 628 2583 Arous.
652 2539 729 2581 Raou.
748 2538 914 2582 11.500.crc.
940 2541 966 2582 dc
986 2541 1066 2585 Diviu.

131 2619 168 2663 57.

125 2710 212 2747 aueum
225 2717 271 2744 uon
286 2701 314 2743 al
328 2716 363 2743 eos
378 2701 492 2750 recensui,
509 2702 644 2756 qnipropter
657 2717 690 2753 ea,
699 2717 756 2758 quae
768 2705 795 2746 de
807 2705 917 2747 medicina
930 2712 1067 2756 meruerant,

125 2799 180 2827 tores
195 2790 343 2838 acceperuut3
359 2783 446 2824 divinos
459 2783 552 2824 honores
567 2783 626 2824 enim
640 2784 714 2838 potius
727 2784 754 2824 ob
769 2798 802 2834 ea,
817 2799 874 2839 quae
887 2787 913 2826 de
926 2787 1067 2841 agricultura

125 2866 207 2921 cepisse
219 2866 318 2908 videtur.
344 2866 380 2906 Ita
396 2866 465 2906 etiam
481 2865 586 2905 Miinnrm
602 2864 692 2914 (Gesch.
707 2863 769 2906 Heli.
785 2864 855 2905 stam.
870 2866 916 2906 und
930 2865 994 2906 stadt
1008 2867 1066 2907 Bnd.

125 2967 127 2991 t
144 2964 194 2991 eum
207 2962 327 3003 pecorum,
341 2947 430 3000 apium,
445 2947 561 2997 ferarum,
577 2946 688 2989 olivarum
700 2951 723 2986 et
736 2945 819 2988 vitium
840 2947 942 2987 culturae
962 2952 985 2987 et
1002 2960 1068 3002 agro·

125 3030 182 3074 tuti·
197 3031 270 3072 Deum
288 3034 366 3070 vocat:
383 3041 433 3068 eum
446 3041 499 3068 vero
513 3027 662 3082 antiquiorem
677 3026 744 3068 habet
757 3026 830 3076 idem,
852 3040 919 3080 quam
932 3024 1003 3082 iqieam
1021 3040 1068 3069 sua-

125 3127 177 3161 aau,
193 3113 311 3164 Deumque
324 3110 444 3164 antiquum
456 3109 580 3161 Arcadiae3
595 3107 628 3149 ita
640 3109 711 3150 etiam
726 3108 804 3150 Srnaa
820 3107 850 3159 (o.
865 3123 886 3150 o.
902 3123 924 3164 p.
941 3110 1002 3166 144.)
1017 3124 1069 3153 suus

125 3206 139 3234 ιι
153 3193 227 3234 Deum
242 3192 322 3240 habet,
337 3204 404 3244 qoam
418 3190 547 3244 Apollinem
559 3190 651 3232 Delium
666 3197 689 3232 et
707 3190 842 3243 Delphicum
850 3220 857 3241 ,
877 3190 942 3246 cujus
957 3191 1018 3235 filius
1031 3207 1070 3236 rs-

125 3287 196 3327 npore
210 3280 244 3314 est
258 3279 359 3314 vocatus.
390 3272 467 3318 Haeo,
479 3284 509 3312 an
523 3285 546 3312 se
559 3271 607 3323 ita,
627 3287 656 3315 an
678 3287 731 3314 vero
745 3272 813 3314 aliter
833 3273 944 3323 habeant,
959 3272 1070 3328 dijudica·

130 3351 198 3408 hujus
212 3352 263 3395 loci.
295 3353 337 3395 set
352 3358 433 3401 tameo,
448 3353 535 3394 etiamsi
548 3352 637 3395 heroem
649 3353 787 3408 accipiamus
801 3353 944 3404 Aristaeum,
959 3355 1070 3411 imprimis

125 3448 150 3484 a,
164 3447 221 3488 quae
234 3434 262 3476 ad
277 3434 440 3489 agriculturam
454 3434 574 3488 pertinent,
588 3436 693 3479 laudibus
701 3436 810 3478 celebrata
824 3436 938 3480 videntur.
953 3439 990 3482 Cf.
999 3440 1070 3484 Dion.

125 3517 166 3562 [V.
190 3531 211 3559 c.
232 3516 268 3560 sl.
291 3517 366 3570 (Tom.
389 3519 409 3560 1.
429 3531 451 3570 p.
474 3515 538 3571 324.)
556 3517 633 3560 Noun.
654 3517 750 3573 Dionys.
767 3518 849 3562 vas.
865 3515 1002 3562 243.X111.
1018 3516 1070 3572 253.

126 3605 228 3652 spectant
242 3598 331 3641 nomina
347 3578 450 3654 ἀγρδυέ
466 3607 488 3640 et
504 3583 605 3652 νόμως
620 3606 628 3634 ·'
650 3599 730 3640 horum
746 3598 853 3654 originem
867 3606 945 3642 contra
959 3601 1072 3643 Scholias-

137 3681 225 3722 Aronn.
241 3680 318 3721 Ruoo.
334 3681 367 3722 Il.
381 3695 415 3722 vs.
432 3679 494 3735 509.)
512 3695 538 3721 ex
554 3695 578 3720 ec
592 3680 661 3733 petit,
682 3679 779 3732 quodin
791 3693 907 3734 agrorum
926 3683 1013 3738 Cyrene
1020 3696 1071 3726 eon·

125 3744 214 3814 lpollo.¹
238 3761 299 3802 Idem
315 3759 398 3812 (Schql.
419 3761 444 3802 iu
457 3776 491 3803 vs.
513 3758 576 3817 500.)
596 3761 667 3811 dicit,
688 3761 742 3802 Ceos
757 3773 807 3802 eum
828 3776 872 3803 non
891 3764 964 3806 solum
982 3772 1073 3820 propter

125 3859 143 3886 nr
156 3844 232 3898 apium
246 3856 312 3884 curae
326 3851 349 3886 et
361 3843 474 3886 olivarnm
487 3844 597 3894 culturae,
612 3844 649 3887 sed
662 3843 738 3894 etiam,
747 3843 806 3898 qnod
818 3845 904 3890 Etesias
916 3855 1069 3898 revocaverat,

126 3941 190 3968 nores
204 3925 318 3968 tribuisse.

127 4037 133 4050 .
150 4010 176 4052 Τ.
190 4023 224 4052 vs.
239 4006 290 4052 45⁵.
