2754 4710
573 482 711 542 -200
757 514 793 526 -··

145 657 212 696 nius
243 639 320 718 (00).
364 640 440 716 Quid
475 662 548 699 vero
576 641 612 699 de
646 643 796 722 colloquio
812 640 871 701 isto
892 641 1041 716 ridiculo,
1064 641 1143 721 quod
1160 662 1220 700 cum

143 743 318 824 Aesculapio
338 744 443 804 habuit
467 746 570 806 rhetor
588 746 709 805 Polemo
719 790 728 821 ,
748 746 794 804 uti
812 746 894 804 nobis
903 746 995 804 tradit
1007 745 1218 804 Philostratus?

144 848 204 907 Hoc
228 849 330 907 saltem
365 850 445 908 nihil
475 851 624 921 continet,
658 850 770 931 quode
790 850 953 929 magnetica
975 850 1078 908 ecstasi
1099 850 1221 930 cogitare

145 973 285 1031 cogemur
293 999 302 1028 ,
332 953 381 1011 sed
411 954 525 1031 multa,
558 954 667 1034 quibus
693 952 861 1025 credamus,
885 953 965 1032 ipsos
989 953 1156 1012 sacerdotes
1173 973 1220 1031 per

142 1058 274 1136 quietem
305 1060 523 1138 aegrotantibus
553 1059 711 1118 adstitisse.
749 1057 796 1116 Ad
817 1057 973 1135 exempla,
996 1050 1104 1135 quibus
1122 1057 1222 1137 probe·

141 1171 193 1218 tur
226 1181 279 1240 per
314 1183 450 1222 somnum
488 1164 688 1243 magneticum
717 1163 912 1222 indicationes
929 1161 1161 1220 medicaminum
1182 1183 1223 1220 sa-

141 1265 331 1324 lutiferorum
372 1268 453 1342 fieri,
486 1268 616 1326 refertur
643 1267 735 1327 etiam
772 1267 924 1327 somnium
957 1266 1035 1324 illud
1065 1265 1224 1325 Alexandri

142 1369 242 1447 magni
271 1367 373 1448 (100),
404 1371 482 1448 quod
500 1371 541 1430 ita
561 1382 664 1430 narrat
683 1372 788 1430 Cicero
812 1371 875 1451 (l):
898 1390 911 1430 u
923 1370 966 1430 Ad
983 1379 1086 1448 aperta
1104 1380 1135 1428 et
1151 1371 1223 1429 clara

141 1472 318 1548 veniamus,
349 1474 436 1552 quale
462 1485 507 1532 est
530 1514 568 1525 -
591 1475 627 1533 de
656 1476 848 1548 Alexandro,
871 1505 903 1516 “
929 1474 999 1552 qui,
1033 1496 1101 1532 oum
1126 1475 1221 1534 Ptole·

139 1599 258 1652 maeus,
288 1577 446 1639 familiaris
470 1581 557 1658 ejus,
587 1583 620 1640 in
653 1581 768 1659 proelio
789 1579 848 1637 telo
867 1586 1015 1635 venenato
1036 1578 1115 1637 ictos
1134 1591 1218 1648 esset,

138 1702 233 1762 eoque
260 1683 386 1741 vulnere
410 1705 524 1743 summo
545 1707 613 1744 cum
633 1685 735 1744 dolore
755 1693 940 1756 moreretur3
966 1682 1138 1742 Alexander
1155 1685 1222 1743 assi-

138 1786 229 1860 dens,
259 1807 363 1844 somuo
389 1797 433 1845 est
461 1789 638 1867 consopitus,
683 1789 762 1845 Tum
787 1785 949 1845 secituduin
980 1785 1112 1862 quietem
1148 1790 1223 1846 visus

139 1891 168 1950 ei
200 1890 311 1949 dicitur
340 1892 429 1950 draco
458 1893 499 1964 is,
524 1913 611 1972 quem
634 1902 730 1950 mater
749 1890 900 1969 Olympias
925 1890 1037 1963 alebat,
1064 1891 1222 1951 radiculam

139 2016 191 2053 ore
208 1996 304 2071 serre,
328 2006 357 2054 et
374 1998 464 2055 simul
484 1999 593 2075 dicere,
613 1998 738 2078 quoilla
755 1995 812 2052 loci
831 2004 1000 2052 nasceretur
1021 2028 1062 2038 -
1083 1995 1149 2071 ejus
1176 2017 1223 2053 an-

138 2110 199 2159 tem
226 2101 291 2159 vim
321 2122 381 2160 esse
405 2112 535 2174 tantam,
577 2113 609 2160 ut
636 2100 837 2158 Ptolemaeum
867 2098 953 2156 facile
991 2109 1120 2159 sanaret.
1154 2102 1220 2160 Cum

141 2204 312 2264 Alexander
338 2216 528 2284 experrectus
557 2214 706 2264 nariasset
730 2203 834 2262 amicis
864 2204 1035 2280 somnium,
1071 2207 1221 2279 emisisse,

141 2308 195 2386 qui
219 2308 301 2367 illam
332 2309 495 2369 radiculam
524 2318 719 2388 quaererent:
749 2329 806 2386 qua
835 2307 960 2367 inventa
990 2318 1021 2368 et
1040 2310 1219 2370 Ptolemaeus

141 2423 261 2471 sanatus
290 2412 404 2471 dicitur
429 2424 459 2471 et
486 2414 573 2473 multi
602 2415 731 2488 milites,
749 2413 800 2492 qui
820 2424 905 2473 erant
926 2414 1027 2473 eodem
1045 2437 1153 2495 genere
1175 2417 1221 2475 teli

143 2514 325 2571 vulnerati.'’

182 2618 312 2678 Eandem
342 2641 407 2679 rem
438 2623 528 2680 etiam
556 2623 663 2682 Strabo
692 2633 814 2697 narrat,
835 2643 870 2681 eo
891 2632 1008 2681 tantum
1028 2623 1217 2695 discrimine,

144 2733 262 2782 utnon
291 2725 328 2783 de
355 2726 494 2796 dracoue,
530 2725 581 2784 sed
612 2726 648 2783 de
670 2724 792 2784 homine
820 2726 983 2803 loquatur,
1003 2726 1056 2803 qui
1074 2726 1109 2786 in
1125 2746 1219 2786 somno

141 2829 288 2888 adstitisse
299 2830 468 2888 Alexandro
478 2829 632 2888 dicebatur
641 2829 729 2907 eique
740 2830 869 2889 radicem
879 2828 1039 2887 ostendisse
1049 2828 1097 2910 (2)
1110 2855 1115 2888 :
1127 2830 1220 2907 adjicit

174 2985 222 3038 (99)
239 2983 303 3025 Dicit
316 2984 373 3024 doct.
387 2985 520 3024 Passenni·
536 2981 568 3035 (p,
590 2981 668 3034 300.]:
695 2983 764 3023 nllrst
784 2981 807 3022 in
827 2983 869 3023 den
889 2954 971 3024 letzten
992 2983 1187 3031 Jahrhunderten.
1200 2985 1219 3025 in

149 3068 221 3110 denen
240 3065 290 3121 jene
303 3066 398 3107 tiosos-en
412 3063 495 3106 xriste
506 3064 545 3104 der
557 3063 724 3105 mensrhlichen
738 3065 800 3105 Seele
806 3065 887 3106 immet·
900 3063 963 3105 mehr
976 3066 1119 3113 besweifelt.
1131 3067 1154 3122 ja
1167 3065 1218 3108 moiri

144 3165 184 3205 gar
199 3164 265 3205 gegen
277 3149 322 3190 alle
336 3146 467 3190 historisclte
482 3144 676 3201 Zeugnissovtillig
688 3145 924 3200 geleugnetwurdem
945 3147 1036 3201 glaubte
1055 3161 1109 3188 man
1123 3149 1163 3190 wie
1182 3159 1218 3188 van

142 3234 201 3276 Dale
216 3233 260 3274 und
275 3231 419 3278 Fontenelle,
434 3231 472 3270 das
487 3243 553 3283 genre
568 3226 725 3269 Orakolwesen
739 3228 810 3282 eirizig
823 3227 894 3268 durch
910 3229 1064 3284 Priestertrug
1083 3231 1128 3271 und
1142 3228 1217 3274 Volli-

142 3314 209 3355 walin
222 3313 326 3354 erltl‘a'ron
346 3327 371 3353 zu
387 3311 490 3358 libonem
507 3310 553 3350 und
568 3322 619 3350 man
633 3311 767 3365 bchauptete
781 3312 852 3352 demit
870 3325 923 3365 ganz
938 3307 1010 3359 leoli,
1030 3312 1079 3353 dass
1100 3313 1138 3354 das
1158 3311 1217 3367 geist·

108 3379 121 3392 ⁹
143 3395 240 3436 reichste
254 3393 317 3436 votk
330 3394 369 3433 der
382 3392 440 3434 Erue
455 3391 500 3431 nnd
513 3390 558 3431 alle
572 3389 632 3432 aeine
645 3402 733 3445 grossen
752 3391 861 3438 Weisen,
882 3391 924 3432 wie
939 3391 1092 3446 Pythagoras,
1108 3393 1217 3436 solitatem

141 3476 221 3523 Plato,
237 3474 374 3528 Xenophon,
389 3488 412 3514 u.
427 3488 445 3515 s,
462 3487 507 3520 w.,
521 3471 578 3512 viele
600 3471 676 3515 Zeiten
691 3473 803 3514 hinlurch
816 3474 852 3513 die
866 3474 999 3528 betrogeneu
1019 3474 1156 3527 Spielwerte
1168 3472 1216 3516 eini-

142 3573 180 3612 ger
193 3557 364 3598 verschmitzter
378 3555 477 3597 Priester
492 3569 590 3609 grwesen
604 3555 694 3609 seyen.’'
726 3555 860 3608 Exemplum
877 3555 1036 3609 Aristophanis
1051 3555 1127 3607 (uide
1144 3555 1216 3597 Lucia-

142 3653 171 3679 no
186 3640 281 3692 taceam)
296 3640 376 3693 probat
390 3638 445 3679 hanc
461 3638 506 3678 viri
520 3639 580 3678 doct.
596 3639 773 3680 observationem
787 3651 830 3677 non
844 3638 871 3676 ab
886 3637 946 3677 omni
961 3643 1025 3691 parte
1040 3638 1123 3680 valere.

172 3718 235 3772 (100)
250 3721 395 3766 Passienus,
410 3719 426 3760 l.
445 3733 465 3760 c.
480 3733 501 3771 p.
518 3719 567 3761 134.
602 3719 657 3761 uAls
671 3719 718 3759 eine
739 3722 783 3758 Art
804 3718 840 3757 des
859 3717 996 3758 Ferusehens
1017 3718 1106 3760 lernten
1125 3719 1167 3759 wir
1187 3714 1216 3757 bei

141 3801 183 3841 den
197 3801 331 3854 magnetiscli
347 3801 560 3841 Selilafwnchrnden
574 3800 631 3840 auch
646 3801 684 3840 das
699 3799 823 3840 Ausftndeu
837 3813 880 3839 von
896 3799 1079 3855 zwockniiissigeu
1088 3799 1216 3841 Arzin’imit·

141 3883 188 3923 toln
200 3882 295 3923 konnen.
328 3883 369 3923 Als
385 3883 501 3936 Analogon
513 3882 598 3922 liihren
612 3882 655 3922 wir
670 3882 719 3922 eine
736 3882 821 3922 Traum
839 3881 976 3922 Alexanders
989 3883 1025 3922 des
1038 3881 1136 3923 Grossen
1150 3879 1199 3922 an.''

169 3965 201 4018 (l)
220 3966 268 4007 Cic.
283 3966 309 4006 de
323 3965 428 4008 Divinat.
444 3966 503 4007 Lib.
520 3965 553 4007 ll.
569 3980 588 4005 c.
606 3967 643 4007 66.

170 4047 203 4097 (2)
220 4048 316 4089 Setino.
338 4048 458 4090 Liuxv.
475 4060 496 4099 p.
520 4045 575 4087 1052
589 4061 621 4100 sq.
649 4042 661 4080 0
674 4027 704 4080 ἐν
734 4025 812 4101 ὕπνῳ
846 4023 877 4081 di
896 4035 1081 4102 παραστάντα
1104 4027 1164 4083 τινα
1183 4023 1213 4096 τῷ

143 4107 340 4185 Ἀλεξάνδρῷ,
366 4111 457 4170 δεῖξαι
479 4111 560 4182 ῥίζαν
580 4107 815 4181 αι]ῑα’πρε,ααον.”
