2754 4710
422 1173 607 1259 PARS
668 1163 926 1254 rutmt.

174 1410 240 1466 De
262 1406 606 1474 necessitudine,
629 1419 743 1475 oseae
763 1407 860 1461 erat
881 1402 999 1460 tures·
1020 1405 1175 1461 Mosco·

366 1516 600 1573 thetomssm
639 1517 683 1571 et
703 1508 981 1568 muraenam.

441 1741 662 1798 §nouo
691 1738 910 1795 muru.

295 1937 334 1975 DE
355 1936 612 1992 Nucesst'rvmnn,
652 1937 735 1986 QUAE
759 1933 840 1973 Ebur
861 1933 953 1973 muru
975 1932 1062 1971 DEUM

586 2041 622 2080 ΕΤ
642 2039 773 2084 MORBOS·

606 2241 773 2270 o*

538 2420 742 2489 CAPUT
781 2419 815 2486 Ι.

317 2590 433 2655 Morbi
458 2601 557 2656 erant
571 2615 701 2681 poenae
724 2615 746 2656 a
765 2589 835 2654 Deo
858 2590 1040 2653 immissae.

651 2826 715 2903 ξι.

183 3035 306 3094 Summa
328 3034 410 3092 inter
440 3035 614 3114 religionem
632 3043 663 3093 et
689 3033 870 3094 medicinam
890 3031 1075 3092 necessitudo
1093 3030 1167 3088 inde
1185 3030 1221 3086 ab

145 3139 236 3198 initio
252 3149 317 3198 erat
340 3139 419 3218 apud
448 3138 605 3199 Hebraeos.
647 3139 724 3200 Nam
743 3161 812 3201 oum
830 3139 864 3196 in
881 3126 998 3196 morbos
1022 3155 1091 3194 raro
1107 3134 1223 3196 incide·

142 3253 233 3320 rent,
254 3243 387 3323 adeoque
407 3244 524 3304 Tacitus
543 3267 597 3306 suo
614 3244 705 3304 etiam
721 3254 855 3324 tempore
876 3263 981 3302 eorum
1000 3262 1125 3320 corpora
1144 3243 1224 3302 salu-

140 3348 206 3405 bria
236 3356 266 3404 et
293 3347 422 3406 ferentia
452 3347 588 3407 laborum
622 3351 736 3410 diceret
764 3349 835 3433 (5),
877 3348 958 3430 quod
977 3357 1058 3408 certe
1074 3356 1174 3408 terrac
1193 3358 1224 3406 et

145 3450 223 3509 airis
252 3449 420 3509 salubritati
448 3462 492 3511 est
512 3453 703 3514 tribuendum
726 3452 791 3534 (6),
813 3453 872 3532 ipsi
901 3452 1033 3532 corporis
1056 3450 1225 3510 affectiones

142 3553 231 3614 facile
247 3556 313 3612 Deo
330 3575 384 3612 suo
401 3555 622 3632 adscribebant,
644 3580 661 3616 a
680 3578 740 3636 quo
756 3555 894 3615 universe
914 3555 1031 3632 omnia,
1054 3574 1226 3634 quaeprae-

146 3668 193 3717 ter
213 3667 352 3716 naturam
363 3660 497 3719 accidere
511 3660 732 3738 existimabant,
750 3660 824 3720 effici
840 3658 1049 3740 opinabantur.
1073 3659 1130 3720 Sed
1139 3679 1225 3739 prae.-

143 3771 191 3820 ter
208 3761 286 3821 hanc
307 3763 519 3840 generaliorem
533 3785 683 3843 caussam,
705 3786 767 3846 qua
783 3785 816 3824 re
832 3766 931 3824 Deum
949 3762 1035 3825 s'uum
1048 3763 1224 3823 morborum

171 3961 205 4020 (5)
220 3961 301 4007 Tuom.
318 3963 380 4006 Hist.
397 3964 448 4005 Lib.
463 3965 495 4010 V.
510 3978 530 4007 c.
545 3967 567 4007 6.

175 4043 208 4102 (6)
226 4043 353 4096 Nisum,
375 4045 545 4102 Beschreibung
565 4060 609 4088 von
629 4046 737 4090 Arabico.
757 4061 779 4101 p.
802 4045 851 4088 129.
