2754 4710
631 450 828 509 „10-

195 604 281 664 ravit
309 603 387 686 (17).
432 606 517 668 Facie
551 610 699 670 ulceribus
731 610 825 670 foedis
844 611 984 684 obtecta,
1007 611 1110 690 digitis
1132 633 1282 672 nranumn

192 711 361 790 pedumque
376 714 484 772 sensim
503 715 673 795 sensimque
699 716 922 790 decidentibus,
947 737 1062 776 summa
1081 718 1282 778 insensilitate

193 816 269 875 cutis
282 826 313 876 et
333 819 442 878 urentis
459 819 658 888 hebetudine.
693 820 783 879 miser
806 821 941 900 leprosus
965 842 1018 899 per
1036 842 1130 881 annos
1151 824 1282 902 integros

192 923 288 982 vitam
308 944 414 1002 parum
436 925 595 1004 optabilem
623 923 734 999 trahit,
759 946 797 984 ex
818 926 959 986 societate
978 937 1165 986 caeterorum
1182 928 1281 986 homi-

191 1048 264 1087 uum
294 1030 454 1108 expulsns,
483 1030 576 1088 donee
604 1029 724 1089 tandem
768 1050 849 1089 mors
876 1030 1064 1089 inevitabilis
1094 1031 1147 1088 sub
1176 1053 1280 1111 symp-

192 1134 352 1194 tomatibus
365 1138 369 1147 ’
384 1136 590 1214 colliquativis
623 1134 811 1211 insequatur.
873 1135 1049 1214 Saepissime
1085 1136 1166 1196 lmnc
1200 1159 1279 1197 mor-

192 1237 265 1296 bum
287 1237 320 1296 in
335 1239 427 1298 saeris
449 1239 568 1317 scriptis
589 1237 775 1298 offendimus.
819 1239 861 1298 ue
880 1261 982 1299 sorore
999 1241 1088 1300 Mosis
1106 1243 1202 1301 Maria
1216 1244 1278 1321 jam

192 1341 287 1401 locuti
306 1363 420 1401 sumus.
462 1341 573 1401 Eodem
593 1342 713 1416 morb0,
741 1346 788 1403 vel
801 1346 878 1405 sorte
896 1346 996 1424 potius
1010 1347 1217 1425 elephantiasi,
1235 1348 1278 1406 al-

192 1445 286 1506 lectus
303 1447 364 1506 suit
383 1446 566 1507 Judaeorum
587 1469 643 1508 rex
663 1448 800 1529 Huzzya,
824 1470 918 1528 quum
939 1451 973 1508 in
985 1451 1133 1529 templum
1147 1452 1277 1512 debovae

194 1550 342 1628 ingressus
371 1561 462 1626 esset,
496 1561 532 1610 ut
567 1571 656 1630 super
686 1555 781 1612 altare
800 1554 931 1613 adoleret
951 1555 1080 1628 suffitus,
1106 1557 1186 1634 qnod
1210 1558 1277 1616 solis

192 1656 392 1716 sacerdotibus
408 1657 528 1715 licitum
539 1667 604 1715 erat
617 1657 670 1736 (ΙΙ.
684 1658 792 1718 Chron.
813 1659 916 1718 xxvi.
941 1661 977 1719 16
988 1657 1070 1739 sqq.)
1083 1679 1090 1718 ε
1113 1661 1217 1718 morbo
1225 1682 1278 1720 au-

190 1769 252 1819 tem
274 1760 363 1820 hocce
380 1762 534 1821 laborabat
558 1761 596 1820 ad
612 1762 692 1821 diem
714 1761 820 1820 mortis
843 1782 946 1842 usqne.
989 1763 1066 1822 Mira
1085 1764 1219 1842 profecto
1237 1775 1280 1822 est

190 1865 225 1925 in
243 1865 334 1925 hocce
355 1887 426 1926 casu
446 1867 600 1926 subitanea
620 1865 717 1925 morbi
733 1866 862 1944 erupti03
881 1888 950 1925 nam
960 1868 1212 1946 plerumquenon
1222 1869 1279 1928 nisi

192 1982 259 2052 post
273 1973 449 2051 prodromos
463 1993 524 2033 sese
536 1972 726 2052 palamsacit:
750 1972 800 2031 sed
819 1971 921 2030 eodem
930 1982 1084 2051 tempore,
1107 1995 1167 2052 quo
1176 1994 1279 2052 peeca-

191 2085 292 2150 verat,
319 2097 409 2138 ‹teoce
421 2079 637 2157 eratleprosus
654 2077 688 2136 in
707 2077 808 2136 fronte
829 2081 928 2153 sua'’3
950 2088 981 2135 et
1000 2078 1025 2135 si
1040 2077 1104 2152 jam
1116 2087 1204 2135 antea
1214 2099 1279 2138 ves·

190 2181 263 2260 tigia
287 2183 384 2245 morbi
401 2183 584 2255 adfuissent,
609 2181 773 2241 sacerdotes
793 2201 891 2259 regem
910 2181 1060 2260 atemplo
1077 2182 1148 2239 inde
1165 2182 1201 2239 ab
1218 2184 1280 2240 ini-

189 2287 234 2351 tio
251 2298 331 2348 certe
357 2289 547 2349 amovissent.
567 2287 626 2348 Sed
648 2285 863 2346 observandum
886 2297 950 2359 est,
973 2306 1032 2345 non
1052 2306 1127 2364 opus
1145 2307 1223 2362 esse,
1247 2297 1280 2345 ut

190 2391 226 2450 de
245 2392 328 2471 lepra
348 2393 450 2451 statim
468 2395 557 2471 plane
587 2392 719 2470 perlecta
740 2390 792 2448 hio
808 2390 985 2468 cogitemus:
1007 2411 1078 2448 uam
1097 2390 1122 2447 si
1147 2392 1279 2451 sacerdos

190 2494 313 2572 aliquod
339 2496 459 2575 signum
483 2507 656 2577 suspectum
683 2495 717 2554 in
746 2493 845 2552 fronte
871 2493 1037 2572 detegeret,
1062 2495 1125 2570 jam
1160 2518 1215 2556 rex
1242 2517 1276 2555 ex

190 2599 301 2677 templo
318 2608 384 2657 erat
410 2599 605 2659 amovendus.
627 2598 764 2668 Accedit,
792 2598 872 2675 quod
890 2597 985 2656 animi
998 2597 1170 2676 patlremata
1188 2621 1278 2680 erup-

189 2700 302 2760 tionem
320 2703 421 2782 leprae
437 2713 654 2782 promoveant,
675 2705 721 2761 uti
739 2703 848 2761 blartin
867 2715 972 2763 narrat
993 2704 1029 2762 de
1051 2704 1171 2783 puella,
1202 2726 1277 2784 quae

190 2806 275 2866 brevi
301 2817 435 2888 tempore
444 2855 453 2884 ,
471 2817 629 2888 postquam
645 2808 679 2865 in
695 2818 820 2886 puteum
841 2818 907 2867 erat
928 2807 1058 2886 delapsa,
1077 2827 1150 2887 prae
1164 2817 1277 2868 terrore
1349 2794 1361 2808 ⁰

188 2908 272 2990 lepra
292 2911 484 2984 afficiebatur,
505 2921 536 2971 et
560 2911 748 2971 doctissimus
767 2883 878 2973 Lordet
902 2913 937 2972 de
966 2913 1050 2990 viro,
1082 2914 1162 2992 apud
1189 2935 1276 2993 quem

188 3033 243 3093 per
268 3025 382 3076 metum
412 3016 512 3095 prima
542 3026 743 3096 symptomata
770 3019 869 3078 morbi
896 3017 1071 3098 prodierant
1093 3016 1170 3098 (18).
1216 3019 1277 3077 Rex

188 3129 290 3181 autem
312 3122 409 3181 animi
429 3120 600 3203 patbemate
620 3122 742 3183 affectus
761 3122 852 3184 foisse
863 3168 872 3199 ,
892 3122 1097 3201 indignatione
1119 3123 1274 3199 nimirum,

190 3229 249 3310 (vs.
270 3229 333 3307 19.)
348 3230 495 3309 expressis
513 3231 613 3290 verbis
633 3229 763 3305 dicitnr,
783 3228 855 3308 quia
875 3227 1009 3286 sacerdos
1030 3227 1191 3306 primarius
1208 3248 1276 3286 cum

188 3332 391 3394 sacerdotibus
415 3335 565 3415 octoginta
582 3336 642 3415 ipsi
659 3335 835 3408 obstiterat,
857 3353 894 3392 ne
923 3332 1056 3390 adoleret
1074 3352 1164 3411 super
1181 3334 1274 3391 altare

188 3434 332 3497 suffitum.
374 3437 487 3498 Forsan
503 3440 568 3517 jam
585 3449 674 3498 antea
690 3440 725 3498 in
745 3457 816 3518 rege
837 3435 1063 3517 praedispositio
1079 3436 1116 3494 ad
1136 3436 1271 3495 morbum

219 3655 267 3716 (1⁷)
283 3659 587 3717 PraktischsDarstsllnng
599 3661 639 3703 der
651 3655 814 3702 ltantkranth.
831 3656 889 3698 nach
902 3657 951 3698 darn
964 3657 1025 3711 Syst.
1039 3658 1075 3701 des
1089 3658 1133 3725 DJ.
1155 3659 1273 3708 Wrsasn,

189 3755 234 3784 von
252 3743 297 3785 Tri.
312 3744 434 3795 Buranun,
447 3745 522 3789 tibers.
539 3759 584 3788 von
598 3747 694 3787 clanis
702 3771 709 3792 ,
723 3738 890 3805 mitdumorlt.
905 3752 949 3779 von
962 3738 1192 3796 urrunnliezpzig,
1209 3735 1272 3781 1835.

190 3837 212 3879 p.
228 3821 281 3867 ³57.
756 3857 759 3863 .

219 3903 406 3962 (¹8)Amm:1r,
427 3909 571 3966 Description
584 3909 621 3951 des
635 3907 743 3952 Maladirs
764 3906 823 3950 delo
845 3918 910 3961 paau-
926 3905 992 3948 Tom.
1007 3907 1039 3949 11.
1055 3905 1193 3955 Brueres,
1209 3898 1271 3947 1825·

189 4002 212 4043 p.
232 3986 281 4031 134.
