2754 4710
578 447 778 503 ...31-

142 605 200 686 qui
218 603 351 664 Jehovoe
368 604 514 682 gratiores
532 624 623 683 quam
641 606 738 665 Leviti
761 618 874 680 esseut,
897 627 993 685 quum
1015 608 1140 687 popuius
1163 631 1227 668 rurs-

142 711 230 770 ribus
257 708 348 789 magis
373 708 522 788 magisque
550 708 784 788 depravaretur,
818 709 1014 778 medicinam,
1044 732 1121 791 quac
1141 723 1227 772 anteo

142 813 249 873 suisset
269 812 348 891 apud
373 812 554 883 sacerdotes,
577 815 756 874 exercuisse.
797 814 880 874 {lanc
901 815 1073 894 opinionem
1101 829 1133 877 ut
1155 841 1225 899 pro-

143 918 193 978 bet
202 964 212 994 ,
243 917 329 979 varia
348 914 483 998 eiempla
503 917 577 977 citat
596 919 796 995 sanationum,
817 940 891 999 quas
902 920 1063 999 prophetae
1080 922 1228 984 iecerunt.

147 1026 204 1088 Sed
223 1025 306 1086 cauti
328 1024 437 1096 simus,
466 1044 503 1082 ne
522 1034 631 1083 temere
656 1043 690 1081 ea
700 1069 709 1099 ,
728 1043 809 1102 ¹qnae
826 1044 880 1105 per
899 1023 1008 1083 miram
1027 1025 1063 1084 ab
1080 1026 1143 1105 ipso
1165 1031 1227 1086 Deo

142 1136 292 1211 acceptam
320 1131 385 1190 vim
409 1129 589 1202 effecerunt,
624 1150 680 1209 pro
706 1127 858 1189 effectibus
877 1129 1103 1211 artismcdicae
1121 1130 1228 1190 habea-

144 1257 218 1295 mus.
260 1235 412 1301 Fuernut‚
435 1234 489 1315 qui
508 1253 609 1293 omues
627 1234 793 1294 sanationes
812 1256 830 1293 a
848 1234 1001 1315 prophetis
1016 1243 1155 1315 ¹peractas
1182 1256 1229 1295 sea

145 1338 278 1401 cundum
303 1338 377 1418 leges
398 1345 523 1397 naturae
550 1357 632 1416 posse
662 1336 810 1416 explicari
837 1347 1002 1418 putarunt,
1037 1349 1226 1399 mortuorum

143 1443 265 1503 veroin
284 1443 379 1501 vitam
398 1442 603 1502 revocationes
625 1441 663 1521 (Ι.
689 1441 759 1522 Reg.
779 1444 873 1504 XVII.
897 1443 944 1505 17.
965 1466 1025 1525 sqq.
1050 1446 1078 1505 11
1090 1446 1165 1524 tteg.
1176 1447 1228 1504 IV.

149 1548 209 1628 18.)
232 1550 346 1629 quippe
363 1568 441 1628 quae
458 1549 549 1608 nimis
566 1549 606 1607 ab
632 1548 713 1608 hisce
730 1546 842 1626 legibus
862 1547 1054 1625 recederent,
1075 1549 1118 1607 ita
1135 1547 1227 1607 intei-

144 1654 301 1725 lexerunt,
324 1661 360 1710 nt
379 1651 506 1711 hicnon
526 1652 563 1709 de
580 1653 660 1711 veris
677 1661 783 1730 agatur
800 1653 935 1726 arumnis,
958 1653 1009 1712 sed
1027 1654 1064 1712 de
1082 1654 1228 1714 simulatis

146 1756 223 1839 (90).
276 1757 411 1830 Quorum
447 1756 583 1835 opinioni
617 1757 777 1836 quominus
810 1756 1022 1830 assentiamur,
1052 1761 1115 1835 jam
1145 1768 1228 1817 vetat

144 1862 307 1924 auctoritas
329 1880 483 1922 sacrorum
504 1861 654 1921 Codicum.
699 1860 756 1920 Sed
780 1860 973 1940 inquiramus
993 1861 1114 1939 potius,
1136 1883 1176 1919 an
1192 1862 1226 1918 in

143 1969 180 2028 iis
189 1967 324 2042 casibus,
348 1966 382 2024 in
400 1965 509 2045 quibus
525 1982 587 2023 nou
607 1964 644 2021 de
664 1963 800 2032 mortuis,
826 1963 877 2021 sed
896 1964 1103 2021 tantummodo
1120 1964 1157 2022 de
1176 1985 1226 2023 ae-

147 2074 331 2156 gratantibus
351 2092 369 2130 a
396 2070 549 2151 prophetis
567 2068 776 2128 medicamenti
797 2068 927 2146 aiicujus
950 2089 1005 2148 ope
1032 2070 1142 2129 sanatis
1169 2071 1230 2130 suit

148 2201 260 2249 sermo,
292 2179 329 2236 de
349 2197 422 2236 vera
443 2185 507 2235 arte
528 2175 644 2235 medica
672 2174 802 2252 cogitare
828 2176 989 2253 possimus5
1018 2174 1100 2254 quod
1126 2176 1152 2233 si
1174 2195 1228 2234 ne-

147 2304 302 2365 queamus,
325 2282 499 2344 necesse'est
509 2326 518 2356 ‚
541 2290 577 2340 ut
596 2299 649 2359 per
666 2278 802 2338 divinam
817 2279 882 2338 vim
900 2279 953 2339 has
974 2279 1142 2345 sanationes
1158 2300 1227 2360 per-

147 2390 238 2451 iectas
259 2410 276 2447 a
297 2387 448 2468 prophetis
468 2385 640 2460 credamus3
674 2384 783 2464 quibus
807 2362 834 2442 si
858 2383 994 2444 divinam
1022 2383 1088 2443 vim
1123 2384 1224 2443 datam

146 2493 252 2566 fuisse,
278 2502 312 2552 ut
331 2501 462 2572 aegrotos
471 2499 630 2566 sanarent,
654 2498 811 2568 putamus,
835 2510 896 2548 non
917 2489 992 2560 erit,
1017 2510 1074 2550 cnr
1094 2511 1155 2550 non
1172 2511 1225 2571 per

148 2601 271 2660 eandem
291 2599 355 2659 vim
376 2607 408 2657 et
426 2605 560 2656 mortuos
580 2593 783 2654 suscitassent.

648 2778 662 2855 ξ
687 2778 733 2837 16.

186 2967 250 3024 Duo
280 2963 416 3043 exempla
446 2961 581 3035 afferam3
611 2962 740 3021 alterum
761 2962 924 3041 prophetae
942 2960 1071 3035 Elisaei‚
1100 2959 1228 3017 alterum

146 3071 269 3149 Eseyae.
289 3102 329 3112 -
351 3069 450 3144 Quum
474 3065 627 3138 Naaman,
657 3064 719 3123 dux
738 3066 813 3144 regis
833 3064 936 3143 Syriae
956 3063 1123 3138 exercitus,
1145 3061 1227 3141 lepra

146 3174 301 3248 laborans,
322 3171 360 3230 ad
378 3170 557 3251 prophetam
575 3167 747 3247 Elisaeum,
770 3180 804 3230 ut
821 3170 858 3228 ab
878 3190 913 3227 eo
932 3177 1104 3244 sanaretur,
1127 3167 1228 3227 venis-

147 3290 206 3356 set,
228 3279 286 3339 hoo
311 3298 407 3337 unum
427 3297 445 3334 a
466 3273 613 3355 propheta
642 3293 815 3353 responsum
842 3273 973 3352 accepit,
996 3271 1052 3330 sibi
1069 3270 1177 3351 septies
1194 3272 1228 3331 in

149 3383 280 3442 Jordano
309 3402 369 3441 sese
395 3401 456 3439 esse
476 3376 661 3453 lavandum3
684 3377 765 3456 quod
788 3397 884 3458 quum
902 3376 1036 3465 fecisset,
1059 3378 1227 3438 intentam

148 3485 279 3565 corporis
300 3484 460 3564 puritatem
477 3484 635 3542 restitutus
652 3494 715 3560 est,
739 3493 853 3564 quanta
872 3502 1035 3563 puerorum
1052 3492 1096 3542 cst
1117 3504 1229 3563 parvu-

149 3590 248 3648 lorum
267 3587 317 3668 (ll.
339 3589 409 3669 ch.
432 3588 467 3646 V.
488 3590 517 3649 9.
537 3585 629 3668 sqq).
672 3590 760 3650 Doct.
782 3590 861 3648 vink
877 3590 1224 3671 totthanosanationem

151 3683 306 3753 Naamanis
323 3692 462 3752 attribuit
482 3693 602 3768 virtuti,
622 3713 713 3772 quam
730 3694 765 3752 in
786 3676 902 3755 morbos
922 3703 1061 3753 cutaneos
1084 3695 1230 3754 sanandos

148 3797 257 3857 habeut
290 3816 384 3876 aquae
409 3796 567 3873 fluviales,
598 3797 758 3878 praecipue
791 3801 817 3857 si
833 3799 948 3880 aegroti
966 3797 1104 3858 innatant
1131 3799 1169 3858 ad
1196 3819 1229 3856 a·

149 3907 348 3919 -u-—a—-nn--u

182 3951 229 4011 (90)
247 3952 361 4009 Sprrnget.
378 3953 395 3994 1.
413 3966 442 4011 c¹⁴
541 3949 589 4008 (sl)
606 3951 688 4001 Vrux,
705 3938 858 3996 Amoeuitatcs
871 3951 1119 4009 philologiae-medicae.
1136 3966 1159 4008 p.
1177 3948 1227 3994 216.
