2754 4710
600 494 638 504 -
681 463 718 520 aa
762 494 801 504 -
1155 424 1169 457 ‘

142 628 192 677 tea
201 617 340 677 Pontifex
359 618 486 679 loannes
509 617 604 696 XXI.)
628 618 673 701 (5)
696 621 910 700 pleuritidern,
934 621 985 681 alil
995 632 1106 702 pestem
1123 624 1225 697 fuisse,

142 722 258 803 qnippe
279 723 385 802 inqua
401 723 479 783 bubo
500 723 709 802 pestilentialis
733 726 898 799 formetur,
921 727 1046 786 credunt
1064 725 1123 807 (6).
1144 727 1230 787 blead

144 827 284 886 morbum
313 825 425 890 febrem
459 839 544 888 vocat
570 829 604 886 iu
630 830 795 890 abscessum
824 830 1015 890 terminatam
1039 828 1103 912 (7),
1138 832 1230 890 Reiu-

142 932 223 992 hanl
244 933 291 1014 (8)
314 933 426 992 febrem
447 933 712 993 inflammatoriam
739 935 828 994 fnisse
850 943 953 1014 putat,
988 933 1074 1009 cujus
1094 955 1229 992 caussam

145 1047 296 1117 remotam
324 1039 410 1116 ponit
439 1039 586 1098 inanimi
605 1037 824 1118 pathematibns
834 1084 843 1113 ,
866 1037 975 1116 quibus
994 1034 1113 1095 affectus
1131 1037 1231 1095 suerat

142 1162 210 1202 rex.
253 1142 316 1203 Hoc
333 1150 433 1201 tamen
450 1163 489 1200 ex
504 1142 584 1202 hisce
596 1151 696 1221 patet,
715 1143 791 1200 alios
802 1141 886 1200 ulcus
903 1141 952 1200 vel
963 1139 1131 1198 abscessum
1147 1159 1230 1197 mor-

144 1247 176 1306 bi
196 1245 340 1306 Ezechiae
358 1256 524 1326 symptoma
534 1294 543 1324 ‚
566 1246 638 1306 alios
649 1247 765 1305 exitum
783 1246 888 1318 fnisse,
911 1244 1083 1305 credidisse.
1103 1243 1143 1302 Et
1161 1262 1233 1302 cnm

146 1350 220 1408 adeo
240 1349 321 1408 inter
338 1370 369 1408 se
385 1349 563 1410 dissentiant
580 1359 714 1410 auctores
733 1350 769 1408 de
784 1360 892 1411 natura
903 1349 1008 1422 morbi,
1030 1348 1130 1408 nescio
1152 1364 1231 1426 quo·

148 1455 238 1515 modo
260 1453 375 1536 aliquid
394 1454 469 1512 certi
495 1453 531 1512 de
558 1453 754 1527 medicatione
781 1453 974 1534 pronuntiari
1005 1454 1107 1534 possit.
1141 1454 1232 1512 Cata-

151 1559 263 1639 plasma
281 1580 318 1621 ex
336 1558 451 1618 ficubus
466 1560 634 1618 confectum
654 1559 900 1639 suppurationem
926 1580 1122 1638 promovere,
1149 1559 1233 1616 ideo-

150 1683 207 1742 que
225 1664 289 1738 ejus
309 1684 394 1721 usum
415 1664 448 1721 iu
469 1663 648 1723 abscessibus
668 1664 848 1739 convenire,
872 1673 952 1721 recte
975 1662 1050 1722 dicit
1080 1662 1168 1722 Mead
1196 1661 1231 1742 (l.

151 1767 207 1846 (a),
231 1767 354 1846 ejusque
377 1767 424 1826 vis
441 1768 597 1826 emolliens
616 1768 650 1826 in
670 1767 837 1825 tumoribus
864 1765 1107 1824 inflammatoriis
1124 1766 1234 1823 merito

151 1870 385 1953 1ιιικ1ιιῑιιι’(9)·λ
404 1893 458 1932 nec
479 1873 569 1932 etiam
588 1873 743 1932 veteribus
762 1871 946 1949 incognitum
968 1871 1040 1939 snit,
1066 1871 1181 1928 aridam
1199 1869 1235 1928 fi-

153 1999 222 2037 cum
247 1975 403 2036 decoctam
422 1996 547 2036 evocare
565 1986 595 2033 et
613 1976 737 2057 educere
764 1973 843 2052 (10).
887 1975 990 2051 ltaque
1016 1995 1077 2032 non
1103 1975 1232 2056 negabo,

143 2073 423 2160 'cataplasma‘illud
443 2080 480 2137 ad
505 2080 590 2138 ulcus
610 2077 781 2137 leniendum
802 2077 852 2136 vel
878 2079 1023 2138 abscessus
1040 2080 1234 2158 suppuratio-

151 2206 219 2247 nem
233 2184 472 2264 promovendam
491 2183 607 2264 aliquid
623 2181 804 2258 contulisse,
826 2181 892 2257 sed,
912 2182 949 2239 ab
967 2182 1023 2240 boc
1043 2182 1236 2260 cataplasma-

151 2299 179 2349 te
196 2289 384 2350 sanationem
409 2289 486 2368 regis
517 2287 709 2369 repetendam
728 2307 807 2362 esse,
829 2287 917 2346 valde
937 2286 1055 2348 dubito,
1098 2287 1130 2346 Si
1152 2288 1237 2348 ulcus

153 2393 256 2455 luisset
273 2393 404 2472 simplex
426 2404 456 2453 et
478 2394 565 2472 quasi
587 2393 822 2473 epigenomenon
843 2393 936 2472 ipsius
960 2394 1075 2465 morbi,
1103 2393 1235 2454 certissi-

153 2516 201 2557 me
213 2496 275 2557 tale
293 2496 475 2576 cataplasma
489 2498 638 2578 optimum
656 2500 759 2560 suisset
785 2500 814 2558 ei
837 2499 1021 2575 remedinm3
1047 2501 1098 2560 sed
1118 2521 1174 2561 rex
1193 2499 1238 2559 le-

153 2599 277 2660 thaliter
295 2601 485 2680 aegrotavit,
506 2601 578 2660 adeo
598 2611 633 2661 ut
648 2603 757 2662 medici
778 2602 816 2663 de
833 2603 897 2680 ejus
919 2604 1016 2665 salute
1032 2603 1237 2684 desperarent.-

152 2704 231 2786 (il).
271 2705 319 2765 An
336 2707 512 2783 pericnlum¹
527 2706 623 2765 morbi
647 2727 686 2766 ex
700 2685 703 2690 ¹
716 2705 826 2766 ulceris
855 2707 1042 2786 malignitate
1067 2708 1239 2786 pendebat?

155 2809 190 2871 In
210 2810 269 2870 hoc
294 2831 364 2868 casu
392 2810 430 2868 ad
448 2830 645 2888 gangraenoss
668 2809 719 2868 rel
739 2809 958 2888 phagadaenica
976 2813 1140 2890 pertinuit,
1161 2833 1239 2892 qua·

152 2913 193 2973 lia
209 2932 272 2994 non
293 2911 380 2972 facile
396 2931 449 2990 per
467 2913 676 2990 cataplasmata
691 2913 875 2973 emollientia
892 2927 1048 2992 sanantur,
1068 2926 1098 2974 et
1108 2936 1239 2994 quornm

153 3015 271 3080 sanatio
292 3015 375 3076 intra
396 3015 532 3076 triduum
561 3037 716 3094 uunquam
746 3017 909 3094 perficitur.
953 3021 1000 3081 An
1029 3021 1129 3099 potius
1158 3020 1241 3100 peri-

154 3122 255 3198 culum
278 3120 371 3180 suerit
398 3141 439 3180 ex
465 3121 566 3195 febre,
599 3121 684 3179 ulcus
702 3139 776 3179 vero
803 3121 950 3181 abscessus
975 3118 1116 3201 criticus,
1138 3123 1242 3202 quales

157 3238 374 3304 nonnunquam
383 3224 416 3313 in
432 3225 561 3284 febribus
571 3225 812 3285 inflammatoriis
822 3225 983 3287 oriuntur?
1004 3228 1137 3289 Attalea
1157 3248 1241 3287 mor-

155 3328 285 3417 biviras
312 3329 530 3408 aegrotantium
547 3329 590 3389 ita
608 3330 772 3417 frangunt,
795 3343 926 3406 utnon,
955 3332 1014 3392 nisi
1033 3344 1101 3413 post
1123 3334 1242 3392 dintur-

187 3574 221 3630 (b)
237 3574 349 3620 Thesaur.
365 3579 503 3634 Paupernm.
520 3591 540 3619 c.
557 3576 593 3620 26.
762 3554 765 3559 ⁴
892 3584 894 3589 ’
923 3575 956 3634 (6)
972 3579 1116 3621 Βιιιτιιοιιιι.
1132 3577 1150 3621 l.
1165 3593 1184 3621 c.
1215 3618 1218 3623 .

190 3661 224 3722 (7)
240 3664 312 3705 Maso
321 3689 328 3709 ,
347 3660 408 3704 Med.
419 3658 490 3704 'saca
505 3675 528 3715 p.
546 3660 583 3703 30.
667 3667 669 3672 '
833 3659 865 3717 (8)
881 3660 1047 3703 Bibelkrankh.
1064 3661 1084 3703 1.
1101 3675 1124 3716 p.
1140 3660 1192 3704 261.
1207 3673 1241 3716 sq.

188 3742 221 3801 (9)
238 3745 338 3785 Jonsns.
355 3755 385 3783 ns
401 3741 473 3791 Mar,
490 3743 614 3784 Commeat.
631 3742 701 3798 Phys.
718 3743 782 3787 Part.
799 3744 832 3787 11.
849 3757 869 3787 c.
887 3744 909 3786 t.
925 3768 955 3778 —
970 3744 1081 3795 chsn,
1102 3745 1183 3788 Exere.
1198 3758 1241 3786 ma·

162 3824 329 3879 dieo-philolog.
345 3836 429 3865 sacras.
445 3830 468 3864 et
483 3823 574 3878 profan.
591 3825 674 3868 necas.
691 3824 749 3870 VII.
766 3827 859 3872 exercit.
873 3827 894 3869 4.
911 3841 934 3881 p.
951 3825 987 3869 25.

191 3905 238 3964 (10)
256 3908 349 3949 Onasus.
367 3906 419 3948 Lib.
436 3907 467 3948 V.
484 3920 503 3949 c.
523 3905 558 3949 12.
573 3932 603 3940 -
618 3907 655 3950 ef.
672 3909 807 3950 Dioscorus.
824 3908 876 3950 Lib.
894 3909 913 3949 1.
930 3922 950 3950 c.
969 3909 1019 3953 183.

191 3986 238 4044 (ll)
255 3989 347 4029 Jossru.
364 3987 444 4042 Antiq.
462 3987 549 4030 tuaaic.
567 3990 618 4033 Lib.
636 3990 665 4033 X.
683 4004 703 4032 c.
721 3990 753 4032 ΙΙ.
773 3991 792 4033 l.
