2754 4710
582 484 798 544 -tnt-

146 662 217 702 cuns
238 642 271 701 in
290 640 438 723 plerisque
460 645 573 705 casibus
585 676 619 688 -
633 647 677 704 uti
689 645 750 725 ipso
762 655 865 706 auctor
876 647 1011 708 laudatus
1020 648 1096 708 dicit
1108 647 1175 729 (96)
1186 679 1227 696 -·

144 749 282 807 omnium
308 769 430 824 eorum,
462 770 539 829 quae
564 750 693 807 durante
722 770 826 807 sonmo
846 752 1011 829 magnetico
1032 753 1231 831 experiuntur

145 851 362 927 somnambuli,
394 863 547 931 postquam
581 853 816 933 evigilaverunt,
850 856 931 913 nulla
957 856 1100 915 rstesuoria
1121 857 1158 915 iis
1180 877 1231 915 re·

146 957 290 1015 manent
333 956 488 1015 Interdum
511 958 631 1035 quidem
657 969 722 1036 post
742 958 893 1017 somnium
914 959 1057 1017 memoria
1076 959 1229 1036 retinent,

148 1059 276 1136 quaein
293 1050 398 1116 ecstasi
419 1060 580 1136 viderunt3
602 1063 651 1120 sed
672 1062 729 1123 hoo
750 1064 787 1122 ad
804 1065 991 1141 exceptiones
1010 1063 1138 1143 pertinet
1161 1063 1228 1143 (97)

143 1163 275 1241 adeoque
295 1185 357 1222 non
372 1166 531 1224 concedere
551 1188 705 1245 possmnus
722 1167 816 1244 illud,
839 1168 918 1245 qnod
940 1167 1028 1226 hodie
1042 1168 1079 1225 ad
1097 1167 1230 1245 excepti-

144 1290 217 1328 ones
243 1270 394 1347 pertinet,
427 1280 496 1330 tunc
522 1272 665 1351 temporis
691 1273 752 1330 sere
767 1292 883 1350 semper
900 1270 1049 1330 accidisse.
1091 1272 1131 1328 At
1150 1269 1228 1328 lorle

145 1393 184 1432 ex
212 1374 434 1434 narrationibus
464 1376 647 1435 sacerdotum
678 1376 767 1449 hacc,
803 1396 879 1454 qliae
906 1374 1061 1453 descripsit
1080 1374 1223 1432 Aristides

145 1480 279 1553 somnia,
315 1479 469 1538 habuerit:
502 1501 607 1539 verum
628 1482 660 1538 in
681 1500 716 1537 eo
737 1500 806 1537 casu
826 1477 927 1537 callidi
947 1477 1110 1535 sacerdotes
1129 1496 1224 1553 aeque

149 1586 223 1642 bene
253 1583 369 1643 homini
395 1585 515 1644 credulo
536 1606 569 1642 ea
591 1605 713 1643 narrare
740 1583 915 1661 potuerint,
940 1602 1017 1660 quac
1035 1581 1092 1660 ipsi
1112 1581 1229 1660 excogi·
1292 1622 1294 1625 -

145 1699 304 1760 taverunt,
328 1711 418 1769 qutun
442 1710 519 1769 quae
541 1691 590 1750 ille
610 1689 821 1749 somniaverat.
863 1689 942 1760 Quae
965 1707 1059 1763 quum
1083 1686 1126 1744 ita
1146 1687 1206 1745 siut
1218 1729 1226 1759 ,

144 1794 294 1852 orationes
318 1796 396 1853 Aelii
416 1795 552 1854 Aristidis
571 1794 646 1853 milri
665 1794 762 1872 potius
779 1802 954 1872 argumenta
970 1791 1109 1870 praebere
1123 1790 1230 1848 viden·

144 1907 196 1956 tur
226 1907 291 1955 tum
317 1899 502 1957 credulitatis
533 1921 681 1976 summae,
714 1900 887 1979 phantasiae
907 1900 1043 1957 morbose
1064 1898 1228 1968 excitatae,

144 2023 237 2081 quam
256 2002 377 2084 quidem
401 2006 519 2062 ecstasis
535 2005 638 2078 illius,
662 2026 737 2083 quae
763 2005 974 2063 sonrrrambulis
1001 2003 1155 2064 tribuitur.
1175 2004 1233 2063 tti-

147 2128 204 2165 nus
234 2108 323 2164 etiam
351 2108 382 2166 in
420 2108 661 2167 incubationibus
691 2110 921 2188 magnetismum
950 2107 1112 2165 obtinuisse
1152 2116 1232 2185 patet

144 2230 184 2268 er
217 2210 273 2286 iis,
305 2231 381 2289 quae
410 2211 477 2269 aliis
503 2211 536 2269 in
556 2213 626 2270 locis
643 2213 723 2291 apud
741 2224 855 2272 veteres
875 2221 1009 2270 auctores
1027 2210 1064 2268 de
1080 2209 1229 2269 medicina

107 2326 110 2334 ¹
146 2313 387 2392 Asclepiadarum
417 2314 553 2393 legimus.
595 2316 658 2374 Non
690 2339 729 2377 ex
745 2338 780 2375 eo
798 2339 850 2396 pro
869 2317 924 2375 hac
944 2336 1008 2374 mea
1024 2315 1164 2394 opinione
1179 2336 1230 2373 ar-

144 2429 285 2499 gumenta
314 2428 431 2498 petam,
459 2421 539 2498 quod
559 2442 704 2500 nusquam
721 2423 758 2482 de
779 2423 1065 2502 irranipulationibus
1086 2421 1232 2500 magneti-

144 2524 187 2581 cis
218 2524 252 2580 in
282 2523 450 2603 Aesculapii
478 2526 596 2603 templis
622 2538 666 2585 est
694 2550 808 2601 sermo,
841 2549 911 2586 nam
940 2526 1145 2587 lubentissime
1163 2527 1231 2586 viro

143 2625 317 2685 doctissimo
342 2628 501 2685 Passavaut
523 2630 684 2703 assentior,
717 2631 848 2707 dicenti,
880 2655 941 2692 ison
964 2654 1037 2712 opus
1053 2653 1133 2707 esse,
1155 2642 1230 2690 tunc

144 2732 289 2809 temporis
316 2732 419 2789 eodem
438 2731 545 2805 modo,
567 2743 659 2811 alque
674 2735 751 2812 apud
770 2757 823 2794 nos
842 2737 1045 2814 phaenomena
1064 2736 1229 2814 magnetica
1303 2780 1306 2787 ,

112 2828 122 2838 ’
145 2834 292 2912 prodiisse
317 2832 394 2913 (98).
435 2837 491 2893 Sed
519 2857 604 2914 rogo,
638 2859 677 2896 an
703 2859 733 2897 v.
765 2861 789 2904 c.
818 2839 850 2896 iu
873 2838 1047 2896 narratione
1065 2858 1115 2907 ea,
1139 2859 1228 2916 quam

144 2940 176 2997 in
199 2940 409 3019 Aristophanis
428 2942 517 3000 Pluto
536 2942 691 3016 babemus,
714 2944 830 3022 aliquid
850 2945 1037 3023 reperiatur,
1060 2941 1139 3020 quod
1163 2963 1230 3000 sus-

144 3044 296 3122 picionem
328 3066 450 3104 movere
482 3058 588 3124 queat,
620 3048 782 3106 sacerdotes
807 3046 1005 3125 magneticam
1035 3043 1162 3104 ecstasin
1181 3064 1230 3102 ae·

143 3148 330 3226 gratantibus
348 3150 513 3210 excitasse?
548 3153 586 3210 At
603 3152 680 3210 sorte
699 3150 782 3210 dicat
797 3149 864 3227 quis
874 3195 883 3223 ,
907 3148 1135 3227 Aristophanem
1148 3147 1227 3206 hanc

147 3256 351 3314 narrationem
386 3256 428 3314 ita
456 3257 592 3327 finxisse,
625 3256 697 3334 quia
726 3256 790 3334 ipse
807 3253 991 3314 incubationi
1013 3275 1074 3311 non
1094 3273 1229 3332 magnam

145 3358 233 3417 sulem
263 3359 387 3434 babuit,
417 3360 490 3417 adeo
521 3371 554 3420 ut
572 3360 634 3434 epu
651 3361 741 3419 verba
761 3361 845 3419 nobis
862 3381 921 3417 non
943 3359 1012 3417 satis
1034 3359 1120 3416 lirina
1144 3379 1232 3437 argu-
1248 3386 1261 3400 ·

144 3475 246 3522 menta
276 3465 454 3542 praebeant,
492 3476 523 3523 ut
562 3465 709 3542 judicium
733 3465 770 3521 de
796 3485 910 3522 sommo
937 3463 990 3518 illo
1015 3461 1120 3519 divino
1152 3460 1231 3518 sera-

151 3600 367 3612 .-..----..

175 3666 224 3722 (96)
240 3668 387 3712 Fassuram,
403 3665 419 3706 l.
434 3656 454 3705 c'.
472 3677 492 3715 p.
508 3662 545 3705 95.
579 3663 620 3704 qu
635 3662 684 3702 dom
700 3659 790 3700 nreisten
808 3657 886 3698 Fiillen
901 3657 972 3696 bleibt
986 3670 1028 3696 von
1043 3656 1119 3705 allam,
1132 3671 1177 3699 was
1190 3657 1228 3698 der

146 3748 242 3790 Mensch
255 3748 285 3788 im
301 3745 472 3788 Scblalwachen
487 3746 573 3792 erlebt,
595 3744 660 3785 keine
673 3741 818 3792 Erinnerung
832 3737 863 3777 im
878 3737 1007 3779 Wachen.''
1023 3737 1061 3780 (Γ,
1076 3751 1098 3791 p.
1116 3737 1165 3782 148,

180 3831 227 3885 (at)
246 3831 253 3872 l
278 3845 298 3872 c.
312 3829 447 3871 Bisrreilen
458 3827 536 3882 jedoclr
551 3827 580 3867 ist
593 3827 632 3867 der
641 3825 762 3879 Vorlrang,
776 3823 814 3862 der
822 3820 911 3861 diceine
927 3819 1009 3861 ttstt'te·
1021 3835 1113 3862 unserer
1126 3822 1231 3863 Existens

144 3916 185 3955 der
198 3913 284 3955 andern
297 3912 448 3957 verscbliesst,
463 3909 624 3962 durchsichtig,
639 3909 682 3949 und
691 3908 725 3948 die
733 3907 877 3958 ErInnerung
884 3905 935 3959 geht
943 3904 973 3944 im
982 3905 1056 3946 waclre
1066 3905 1140 3946 Leben
1149 3904 1228 3946 iiber.''

177 3994 225 4048 (98)
243 3995 259 4036 l.
276 4009 297 4035 c.
312 4007 333 4046 p.
351 3993 402 4035 293.
418 3991 477 4036 pund
490 4006 512 4033 es
527 3991 556 4032 iu
569 3991 635 4045 grade
650 3990 713 4032 nicbt
725 3989 801 4043 ntitlrig
811 4019 818 4038 ‚
831 3989 880 4029 dass
900 3989 939 4029 der
958 3989 1108 4044 magnetisclre
1129 3989 1230 4031 Einduss

145 4077 194 4119 sicli
209 4077 234 4118 in
248 4076 365 4118 ‹lerselben
380 4077 461 4123 Fortu,
483 4073 525 4114 wie
540 4075 574 4115 bei
596 4088 652 4122 uns,
674 4087 692 4116 z.
708 4074 731 4113 b.
746 4072 817 4115 durclt
833 4073 1031 4127 Manipulutionen
1046 4069 1170 4114 aiisserte.''
