2754 4710
577 477 795 536 2137*-

142 634 360 712 simnlacrum,
391 637 471 716 quod
501 638 618 716 Hygeae
646 637 798 697 dicebatur
828 638 912 718 (tt),
942 633 1097 713 adeo'nt,
1129 653 1223 717 quum

142 742 332 819 antiquiores
357 748 472 819 poetae
495 750 526 800 et
553 751 686 801 auctores
711 742 748 800 de
775 743 871 820 Hygea
898 753 928 802 et
949 743 1079 802 Panacea
1104 735 1226 802 omnino

144 864 209 902 non
230 842 408 922 loquantur,
435 838 588 923 quumque
607 845 786 904 recentiores
804 845 841 904 de
860 865 963 904 earum
979 847 1145 925 genealogia
1165 866 1226 906 non

139 954 282 1006 <constent
294 993 303 1021 ‚
335 966 432 1024 neque
459 966 562 1024 eorum
587 947 665 1006 ullus
692 960 811 1022 narret,
834 951 909 1030 quid
930 952 1071 1010 interris
1090 953 1223 1030 egerint,

141 1053 213 1128 jure
233 1050 422 1123 dubitemus,
446 1069 551 1108 revera
571 1051 747 1131 Aesculapio
764 1053 839 1112 filias
856 1053 946 1130 hujus
974 1055 1105 1114 nominis
1124 1055 1224 1128 luisse,

145 1167 176 1213 et
197 1156 370 1224 credemus,
392 1155 445 1213 has
468 1160 543 1215 Deas
563 1157 653 1215 fuisse
672 1157 851 1215 recentiores
871 1157 1044 1236 allegorias,
1067 1159 1105 1216 ab
1133 1157 1224 1236 hym-

145 1280 255 1316 norum
285 1259 379 1336 poiitis
411 1259 592 1338 excogitatas
617 1257 735 1340 (116”).Ι
756 1261 884 1319 Nomina
913 1271 1012 1319 antem
1045 1270 1117 1320 sunt
1144 1261 1226 1318 deri-

144 1362 245 1421 vanda
276 1384 294 1420 a
322 1363 494 1422 morborum
528 1356 680 1422 sanatione
705 1360 736 1420 et
760 1363 796 1419 ab
821 1361 886 1441 ipsa
911 1363 1056 1437 sanitate,
1086 1383 1162 1441 quae
1189 1364 1225 1420 ab

146 1467 323 1546 Aesculapio
349 1468 525 1546 petentibus
556 1466 703 1527 tribuitur
736 1466 814 1547 (17).
866 1467 944 1526 Sunt
971 1467 1063 1546 igitur
1092 1467 1147 1524 hae
1180 1468 1235 1525 ita¹

144 1573 243 1631 dictae
274 1572 445 1652 Aesculapii
482 1572 560 1630 filiae
594 1571 694 1629 minus
724 1578 805 1627 recte
836 1549 1007 1629 referendae
1035 1571 1072 1629 ad
1097 1591 1165 1647 eos,
1188 1571 1225 1628 de

143 1677 253 1757 quibus
282 1678 316 1734 in
343 1677 400 1735 hoc
425 1677 521 1754 capite
552 1677 678 1755 egimus,
712 1672 862 1743 homines,
897 1679 950 1751 qui
977 1676 1014 1731 ob
1041 1695 1158 1734 summa
1183 1675 1224 1733 >de

144 1783 293 1841 medicine
312 1782 420 1840 merita
439 1791 506 1862 post
526 1795 654 1839 mortem
674 1779 794 1836 divinos
815 1778 941 1845 honores
961 1781 1222 1858 acceperunt‚sed

143 1884 245 1965 potius
266 1886 330 1961 ejus
350 1884 464 1963 generis
486 1887 562 1941 Deas
584 1883 728 1956 medicas,
751 1883 853 1961 quales
872 1885 952 1963 apud
973 1885 1127 1942 Romanos·
1140 1905 1226 1963 prae-

141 2002 191 2048 ter
219 1991 330 2048 Bonam
360 1986 568 2045 Valetudinem
596 1986 696 2063 plures
732 1986 926 2059 offendimus,
957 1989 1005 2046 uti
1035 1987 1221 2060 Fessoniam,

143 2113 221 2173 quae
254 2092 290 2150 ab
309 2089 526 2170 aegrotantibus
545 2088 691 2148 debilibus
710 2091 849 2150 invocata
871 2112 932 2150 esse
951 2092 1074 2150 videtur
1094 2090 1172 2170 (to),
1195 2100 1227 2151 et

144 2197 319 2276 Ossipagam
330 2242 339 2271 ‚
366 2215 444 2275 quae
463 2195 575 2252 ossium
594 2192 813 2253 incrementum
834 2194 955 2254 curabat
974 2193 1052 2276 (1-9).
1097 2191 1228 2254 Romani

144 2312 245 2359 autem
283 2302 373 2359 etiam
407 2299 481 2358 alias
511 2302 588 2358 Deas
618 2299 745 2357 medicas
773 2299 926 2374 colebant,
960 2299 1072 2378 quibus
1100 2320 1162 2356 non
1189 2300 1227 2358 ob

124 2412 249 2462 'earum
270 2404 412 2463 salutares
431 2402 551 2462 effectus
571 2402 670 2461 divini
690 2402 817 2462 honores
836 2401 1063 2476 tribuebantur,
1085 2401 1135 2460 sed
1151 2421 1226 2479 quos

147 2531 219 2588 prae
249 2511 355 2569 timore
383 2512 418 2569 in
450 2512 578 2570 Deorum
606 2528 734 2568 numero
762 2516 989 2566 recensuerunt.
1044 2507 1094 2566 Sic
1129 2508 1226 2567 morbi

147 2613 205 2692 ipsi
224 2615 303 2693 apud
324 2615 378 2673 hos
395 2624 539 2691 tanquam
556 2615 683 2673 numina
704 2632 770 2670 aras
787 2621 817 2669 et
833 2612 945 2690 templa
964 2610 1120 2671 habebant.
1151 2611 1225 2669 Prae

144 2716 262 2794 trepido
288 2725 370 2774 metu
402 2716 517 2793 publice
545 2717 579 2773 in
603 2716 718 2775 Palatio
745 2713 832 2772 Febri
853 2713 956 2771 fanum
984 2734 1045 2771 esse
1073 2714 1222 2784 dicatum,

177 2944 1224 3039 ufflmmmmffimmmmfflmmmmmmu

151 3055 288 3119 §sutum

177 3161 237 3216 (46*)
255 3158 292 3202 cf.
308 3165 397 3215 praeter
411 3160 550 3206 Serenam,
571 3173 591 3200 o.
606 3157 623 3200 l.
638 3174 660 3215 p.
677 3159 718 3202 193
739 3161 782 3212 (ed.
805 3153 869 3215 1821)
891 3161 958 3203 etiam
973 3162 1085 3210 Lassrno,
1099 3161 1225 3204 Handbuch
1297 3177 1300 3184 ·

145 3230 893 3297 mmmmmnmmfflmnfflmstmpt

177 3332 223 3384 (47)
240 3320 583 3380 sch01.Auurosu.t{lut.rs.
600 3326 651 3370 639.
668 3326 769 3367 Panacea
784 3301 874 3382 (παρὰ
899 3307 932 3362 τὸ
950 3306 1044 3360 πάντα
1062 3301 1224 3380 ἀκεῖσθαι).·

145 3414 231 3469 trygon
259 3393 348 3468 (nupsi
371 3392 407 3448 τὸ
427 3391 525 3468 ὑγείαν
543 3380 716 3464 nouercam:
744 3402 795 3446 taso
821 3383 911 3463 (παρὰ
930 3388 963 3443 τὸ
985 3381 1112 3461 ἰᾶσθαι).
1155 3403 1225 3452 suit,

145 3498 287 3537 Marsorum
303 3494 328 3546 (1.
345 3508 366 3536 c.
384 3507 405 3547 p.
421 3491 478 3548 54.)·
510 3491 578 3546 Aegle
590 3497 655 3543 notat
667 3489 807 3545 splendorem
820 3489 935 3554 carpatiae
949 3488 1033 3538 Rome,
1047 3489 1095 3532 sive
1107 3491 1222 3540 Valentia,

143 3579 295 3619 membrorum
310 3584 332 3619 et
345 3585 436 3619 artuum
458 3577 527 3619 robur
547 3576 675 3628 validasque
686 3571 755 3614 vires.
786 3569 877 3617 Tuscu.
894 3571 1026 3615 Zursoeaos
1048 3572 1117 3627 (apud
1131 3566 1224 3615 eundem

145 3679 168 3717 p,
185 3659 232 3713 55.)
263 3661 349 3714 Aeglen
372 3674 416 3702 non
429 3660 456 3700 ad
470 3646 624 3700 habitudinem
637 3653 807 3708 ‘corporis,·sed
820 3653 847 3694 ad
867 3652 961 3708 gloriam
980 3658 1003 3694 et
1023 3653 1224 3704 existimationem,

145 3759 203 3797 qnae
217 3742 327 3807 medicum
345 3742 487 3795 insequitur,
503 3721 582 3783 refert.
613 3735 728 3785 Videntur
748 3740 823 3798 tamen
842 3734 976 3777 Maxumus
991 3733 1024 3789 (p.
1046 3731 1095 3791 54.)
1113 3741 1137 3776 et
1155 3737 1222 3778 Hnud
1313 3744 1318 3752 ·

145 3836 288 3867 nnnrnnucx
305 3822 331 3875 [l.
346 3836 366 3864 c.
383 3837 405 3877 p.
421 3821 468 3875 26.)
482 3821 614 3873 credidisse,
630 3817 760 3872 Aesculapii
779 3818 937 3860 fflias'revera
952 3818 1056 3862 interris
1080 3819 1175 3875 degisse:
1190 3820 1222 3860 lo·

144 3913 248 3961 quuntur
262 3905 320 3946 enirn
333 3905 360 3945 ds
372 3918 448 3946 earum
461 3910 525 3959 patre
537 3903 565 3945 iis
579 3902 668 3944 nomina
681 3903 709 3942 ab
722 3901 778 3942 artis
792 3900 868 3942 officiis
880 3901 918 3943 vel
931 3901 1085 3945 emolumentis
1100 3901 1223 3947 tribuente.

174 3989 223 4039 (as)
240 3964 365 4030 minui
381 3986 407 4027 ue
422 3976 485 4028 nvn.
501 3983 668 4027 numurv.
683 3997 704 4038 ς.
719 3980 755 4024 21.
771 3995 791 4035 p.
806 3982 857 4025 447.

173 4070 220 4124 (49)
238 4071 328 4113 Annos.
342 4076 420 4112 contra
432 4051 515 4129 gentes:
531 4068 582 4111 Lib.
597 4069 639 4112 lv.
660 4080 682 4120 p.
698 4063 735 4107 85.
