2754 4710
537 456 756 512 -111..

87 613 246 692 cogitasse.
299 612 439 691 Quaeque
468 612 557 689 hujus
586 615 666 671 Deae
687 617 796 694 templu
824 629 969 677 memorat
994 620 1167 691 Pausanias,

85 717 259 778 omnia'ad
285 718 411 777 faustam
438 718 623 795 pertinuisse.
634 717 794 779 videntur:
826 721 906 800 apud
940 720 1078 781 Clitorios
1105 722 1170 799 ejus

88 822 240 904 templum
259 824 345 900 juxta
361 824 537 903 Aesculapii,
553 825 610 885 Dei
619 844 709 902 quam
719 823 849 882 maxime
858 822 1004 900 salutaris,
1014 823 1167 906 erat(33).

89 931 186 989 Arete
217 950 285 989 eum
313 928 437 1009 Ilithyia
467 939 579 990 veteres
598 931 705 990 Parcas
726 926 966 1004 conjunxerunt,
985 947 1059 1007 quas
1080 928 1168 987 simul

92 1052 165 1091 curn
182 1053 217 1092 ea
235 1033 471 1112 parturientibus
488 1033 606 1093 adstare
616 1034 758 1093 dixerunt
772 1028 853 1109 (3t);
876 1030 950 1108 quin
968 1031 1058 1091 etiam
1074 1033 1168 1112 ipsam

90 1137 230 1205 εὔλινον,
253 1135 435 1215 eandemque
452 1157 487 1197 ac
503 1139 709 1217 Πεπρωμένην,
731 1136 795 1196 sive
808 1137 903 1193 Deam
923 1135 1062 1210 fatalem,
1080 1155 1171 1196 voca-

91 1239 143 1298 vit
169 1238 245 1298 Olen
268 1239 348 1318 (35).
390 1239 503 1298 Nomen
532 1260 604 1300 vero
624 1244 792 1321 πεπρωμένη
810 1261 828 1298 a
845 1239 989 1300 Pausania
1005 1240 1101 1298 solum
1117 1239 1170 1298 ad-

89 1342 192 1401 ditum
227 1362 306 1418 esse,
340 1352 476 1402 autumat
514 1343 563 1402 vir
601 1344 639 1402 cl.
656 1345 793 1406 Mitller.
845 1343 926 1402 Idem
956 1343 1066 1419 credit,
1097 1364 1168 1404 voce

89 1449 212 1514 εὔλινος
236 1446 355 1506 Olenem
371 1446 591 1508 incrementum
624 1450 792 1529 ambr-yonis
826 1449 974 1508 humanae
1007 1449 1168 1524 indicasse,

91 1570 191 1628 quum
216 1559 331 1609 veteres
350 1549 477 1630 Orphici
504 1551 629 1610 infantis
652 1552 872 1631 generationem
894 1572 962 1617 cum
987 1552 1060 1611 retis
1076 1551 1169 1611 sabri-

94 1653 215 1712 catione
244 1662 449 1732 compararent
476 1651 563 1732 (36);
600 1673 676 1731 quae
703 1676 775 1713 num
795 1656 839 1714 ita
861 1674 908 1731 se,
927 1675 965 1714 an
981 1675 1063 1714 secus
1080 1654 1169 1714 habe

91 1769 169 1833 ant,
190 1779 250 1816 non
268 1757 432 1834 dijudicare
452 1758 598 1818 conabor:
622 1758 672 1817 sed
691 1759 769 1816 sorte
785 1778 894 1816 nomen
911 1761 1045 1830 εὔλινον,
1064 1779 1169 1838 quem-

88 1861 266 1922 admodum
285 1862 376 1920 etiam
406 1862 566 1921 Parcarum
599 1861 779 1940 praesentia,
813 1862 911 1940 potius
940 1861 979 1919 ad
1015 1862 1167 1920 fonunarn

92 1966 228 2025 suturam
263 1967 384 2023 neonati
417 1973 545 2041 spectat,
577 1985 667 2043 quam
697 1965 817 2042 quidem
845 1965 883 2049 ad
911 1974 990 2022 recte
1015 1974 1168 2042 peractam

93 2069 190 2129 foenus
201 2069 426 2129 formationem:
441 2077 519 2125 certe
536 2087 597 2124 non
616 2076 716 2145 patet,
737 2076 851 2124 veteres
868 2065 1044 2141 credidisse,
1061 2064 1169 2144 Ilithy-

93 2176 156 2233 ia'm
179 2175 217 2233 ad
242 2173 320 2232 hanc
350 2172 558 2231 formationem
584 2170 702 2251 aliquid
733 2170 877 2230 attulisse.
928 2171 1034 2250 Magno
1068 2180 1169 2231 autem

94 2277 208 2338 honore
237 2286 337 2337 nostra
368 2277 427 2335 Dea
467 2273 636 2336 colebatur:
661 2273 741 2352 apud
775 2273 1015 2346 Hermionenses,
1051 2284 1168 2354 praeter

91 2383 276 2460 sacerdotes,
308 2381 425 2441 nemini
455 2379 563 2442 licebat
582 2378 646 2456 ejus
670 2377 865 2439 simulacrum
880 2378 1068 2458 conspicere,
1088 2379 1169 2438 vela·

93 2495 156 2544 tam
185 2507 250 2546 eam
274 2496 305 2545 et
324 2484 517 2546 Athenienses
536 2493 567 2543 et
585 2482 740 2563 Aegienses
760 2483 939 2559 adorabant3
957 2485 1050 2544 secem
1069 2485 1165 2563 gerit,

84 2609 185 2667 qnam
204 2590 233 2648 ei
253 2609 313 2649 esse
330 2588 504 2648 attributam
520 2588 690 2667 suspicatur
710 2587 885 2662 Pausanias,
909 2589 981 2669 quia
1004 2587 1167 2647 mulierum

93 2691 127 2750 in
144 2701 235 2770 partu
249 2691 365 2749 dolores
381 2699 451 2748 sunt
466 2689 529 2766 igni
544 2689 676 2766 similes,
693 2689 743 2748 vel
762 2690 833 2770 quia
848 2691 995 2749 infantem
1017 2691 1051 2750 in
1069 2692 1167 2750 lucem

92 2794 208 2872 profert
230 2790 306 2872 (37).

588 2994 658 3070 ξθ.

132 3206 166 3265 si
199 3202 377 3282 wgitemus,
414 3219 503 3279 quam
531 3198 661 3259 benefica
691 3199 770 3278 apud
800 3209 914 3260 veteres
944 3203 1008 3260 Dea
1028 3202 1165 3262 Minerva

91 3363 258 3383 pun-—

122 3425 170 3481 (³3)
186 3427 253 3469 Pana.
268 3425 341 3471 vm.
359 3437 379 3467 c.
394 3420 431 3465 21.

124 3509 172 3562 (st)
187 3509 288 3552 Parata.
302 3504 449 3563 0151111›.Vl.¹
463 3518 497 3548 vs.
512 3503 549 3548 ⁷2.
563 3504 633 3549 Plan.
648 3502 715 3547 Nem.
730 3503 780 3547 vu.
794 3515 829 3547 vs.
845 3503 866 3547 l.

121 3587 172 3646 (35)
186 3591 253 3632 Pars.
268 3587 329 3635 vm.
344 3602 365 3635 e.
381 3586 418 3632 nl.
432 3629 434 3634 ,
449 3586 545 3642 Propria
557 3599 603 3628 non
616 3584 723 3634 Olenon,
735 3583 773 3626 sad
787 3583 884 3641 Lycium
902 3583 959 3628 dicit
977 3592 1064 3632 auctor.
1095 3586 1162 3631 Hune

90 3671 188 3728 Lycium
199 3684 253 3712 vero
269 3668 388 3719 neminem,
402 3668 446 3711 nisi
458 3668 551 3710 Olanem
564 3680 624 3714 esse,
638 3665 751 3708 contendit
762 3666 834 3708 Krisa
850 3663 908 3716 (oba.
921 3665 946 3708 in
958 3667 981 3711 b.
994 3667 1034 3722 1.).
1051 3666 1087 3711 cf.
1102 3671 1164 3713 cn.-

86 3765 141 3794 anr.
155 3752 240 3806 Hymn.
254 3749 279 3791 in
291 3749 344 3792 Dal⁴
365 3761 399 3790 rs.
413 3747 458 3792 3⁰4
473 3761 507 3803 sq.
527 3747 620 3790 Hauon.
634 3747 686 3790 Lib.
698 3747 740 3793 Ν.
755 3761 776 3792 e.
791 3743 827 3790 ³⁵.

122 3832 171 3890 (36)
187 3835 218 3877 K.
234 3834 262 3876 Ο.
277 3834 396 3881 Minius,
410 3846 432 3875 ο.
448 3845 468 3875 c.
482 3846 505 3887 p.
519 3828 563 3874 312
577 3843 612 3886 sq.
643 3829 681 3874 Gi.
695 3829 805 3875 Auram.
824 3827 852 3872 de
873 3843 949 3886 gener.
969 3831 1039 3876 anim.
1062 3831 1085 3877 2.
1102 3833 1124 3877 1.
1138 3847 1161 3888 p.

90 3914 144 3959 613.
163 3915 207 3968 (ed.
221 3908 304 3958 Paris.
326 3909 413 3970 1654.).

123 3993 173 4050 (37)
188 3997 256 4038 Paos.
264 3995 300 4040 11.
313 4006 334 4036 e.
347 3988 384 4036 35.
398 3993 419 4036 1.
433 4004 454 4038 e.
470 3991 504 4038 18·
522 3992 573 4040 vu.
589 3992 656 4040 aas.
