2754 4710
665 394 858 452 ..fii-

197 555 424 636 quatuordecim
454 554 516 612 dies
542 553 692 612 crassescit
721 554 778 632 (tit
830 555 1022 614 Doctissirnns
1047 557 1136 635 Engle
1155 560 1287 619 eandem

199 665 262 722 iere
291 660 528 719 observationem
555 657 626 715 iecit
650 658 682 714 iu
708 660 776 716 viro
806 661 950 738 quodam,
985 662 1055 739 qui,
1090 684 1192 742 qunm
1216 686 1286 722 cum

198 765 328 823 foemina
357 771 537 820 menstruata
563 782 626 818 rem
646 761 811 835 habuisset,
842 762 874 819 in
894 764 1048 841 praeputio
1067 767 1190 842 pustula
1210 788 1286 846 qua-

199 870 269 928 dam
298 867 418 926 allectus
451 867 566 940 estiis,
589 859 664 945 quae
688 866 723 922 ab
740 865 938 944 applicatione
959 871 1100 945 unguenti
1120 871 1289 929 Antenn'e-

200 975 258 1032 inii
276 974 349 1032 oriri
372 974 484 1044 solent,
508 958 664 1049 persimili.
709 968 808 1026 Etiam
830 989 866 1027 ex
888 971 942 1027 tali
962 971 1042 1029 coitu
1061 973 1288 1052 gonorrlioearn

200 1078 275 1137 oriri
294 1097 392 1157 posse,
417 1075 495 1133 idem
526 1074 577 1153 bis¹
592 1072 777 1130 observavit:
799 1072 832 1129 in
848 1072 942 1130 altero
960 1094 1029 1134 casn
1046 1075 1168 1152 quidem
1189 1077 1290 1137 coitus

201 1162 270 1241 cum
289 1181 389 1260 puella
402 1179 528 1256 innupta
546 1177 645 1235 loeum
664 1175 789 1247 habuit,
810 1175 882 1233 adeo
905 1187 939 1235 ut
958 1178 994 1236 de
1015 1181 1152 1258 contagio
1171 1201 1286 1259 gonor-

202 1285 322 1343 rhoeico
346 1283 489 1362 possimus
519 1271 664 1358 cogitare3
687 1279 720 1337 in
739 1279 833 1337 altero
856 1300 962 1339 vernru
986 1283 1037 1341 vir
1056 1303 1092 1343 ex
1112 1286 1195 1345 coitu
1216 1306 1289 1344 cum

203 1409 298 1449 uxore
317 1393 502 1446 menstruata
538 1384 753 1462 gonorrhoeam
774 1386 942 1457 contruxit,
967 1408 1028 1466 qua
1050 1399 1149 1467 postea
1168 1411 1292 1469 semper

204 1493 349 1553 immunis
376 1490 535 1558 remansit,
565 1490 636 1547 licet
654 1491 768 1568 saepius
792 1511 861 1547 eum
882 1488 981 1548 eadem
1000 1498 1087 1550 extra
1105 1495 1291 1551 catameniu-

205 1619 274 1656 rum
304 1605 421 1672 tempus
447 1615 511 1652 retu
531 1593 669 1651 habuerit
694 1591 771 1671 (10).
813 1595 871 1652 llae
900 1584 1123 1656 observationes
1161 1600 1186 1656 si
1209 1609 1292 1659 recte

205 1701 321 1760 fuerint
348 1700 520 1773 institutae,
551 1718 590 1756 ex
605 1698 686 1756 coitu
702 1718 770 1755 cum
789 1699 979 1757 menstruatis
999 1702 1185 1771 incommoda
1203 1724 1292 1783 repe-

207 1818 270 1866 tere
303 1826 464 1885 possumus.
505 1806 553 1862 An
582 1805 676 1881 igitur
701 1802 842 1862 venenati
873 1804 922 1860 vel
940 1804 1016 1862 acris
1040 1805 1112 1882 quid
1128 1805 1201 1864 huic
1219 1828 1290 1865 sau-

207 1911 291 1990 guini
313 1910 413 1968 inest?
455 1908 539 1967 llanc
563 1917 699 1966 veterum
727 1904 898 1984 opinionem
929 1907 1013 1966 nullo
1035 1921 1210 1986 argomento
1227 1932 1292 1971 esse

207 2015 430 2085 confirmatam,
451 2014 514 2090 jam
532 2012 674 2072 diximus.
716 2010 773 2070 Sed
791 2011 853 2090 ipse
873 2012 991 2091 sangnis
1013 2015 1205 2075 menstrualis
1223 2016 1292 2074 sor·

206 2130 237 2178 te
257 2121 354 2198 potins
378 2128 422 2177 est
443 2117 618 2176 vehiculum
649 2115 791 2174 materiae
815 2117 941 2190 alicuius
967 2118 1045 2177 acris
1057 2164 1066 2194 ,
1098 2139 1195 2199 quae,
1219 2119 1295 2182 lieet

208 2217 242 2282 in
258 2233 338 2281 statu
360 2223 508 2301 perfectae
527 2221 663 2280 sanitatis
683 2221 715 2277 in
736 2218 880 2296 pudendis
903 2221 1098 2280 muliebribus
1116 2243 1177 2280 non
1193 2243 1295 2283 secer·

208 2336 314 2396 natm,
347 2335 448 2382 tamen
478 2345 513 2383 ex
540 2346 626 2382 muco
646 2324 771 2402 vaginae
793 2324 915 2401 produci
940 2335 1054 2403 potest,
1074 2327 1220 2405 siquando
1242 2327 1296 2388 hio

206 2415 334 2488 similem
363 2428 622 2506 degenerationem
653 2428 755 2487 subeat
783 2429 830 2502 ei,
863 2449 954 2507 qutun
986 2452 1075 2509 supra
1093 2430 1297 2492 substantiam

208 2535 355 2593 sebaoeam
385 2552 425 2591 ex
457 2533 604 2611 glandulis
632 2533 756 2610 Tysonis
785 2531 948 2590 immundis
967 2535 1017 2591 vel
1046 2544 1221 2612 tempestate
1242 2560 1297 2597 oa-

209 2621 270 2696 lida
301 2638 404 2695 subire
432 2635 600 2705 interdum,
637 2635 669 2692 in
696 2635 773 2694 viris
797 2633 1016 2714 descripsimus.
1075 2639 1159 2696 Acris
1188 2624 1294 2699 autem

210 2727 268 2800 hic'
294 2738 440 2819 vaginalis
479 2760 602 2816 mucus,
645 2759 713 2798 cum
750 2759 803 2818 per
841 2742 1014 2818 sanguinem
1054 2745 1293 2822 menstrualem,

209 2843 339 2915 durante
355 2843 561 2922 copulatione,
585 2843 704 2922 quando
721 2845 868 2923 absorptio
896 2846 1008 2922 majore
1035 2868 1104 2905 cum
1130 2850 1297 2912 inmusita-

207 2961 241 3011 te
263 2951 363 3009 locum
399 2947 488 3006 habet
521 2945 606 3027 (tl),
649 2952 683 3008 in
714 2958 883 3007 contactum
920 2944 1022 3008 veniat
1046 2973 1115 3009 cum
1151 2954 1298 3032 pellicula

206 3049 296 3133 j'tenui
314 3051 450 3132 glandem
469 3051 638 3131 obtegente,
662 3051 712 3111 vel
731 3073 799 3109 cum
811 3054 912 3112 tunica
924 3073 1042 3112 mucosa
1063 3055 1205 3115 urethrae
1215 3105 1226 3135 ,
1252 3063 1301 3119 ir.
1351 3053 1356 3063 '

209 3159 385 3216 citationem
406 3155 560 3235 producit,
594 3176 656 3234 qua
686 3157 719 3214 in
739 3156 794 3214 hac
813 3155 1063 3230 blenoorrhoeae,
1086 3159 1119 3218 in
1137 3159 1189 3218 illa
1205 3164 1300 3221 exul-

188 3265 378 3320 'cerationcs
405 3262 577 3339 oriuntur,
603 3263 750 3340 imprimis
777 3263 800 3318 si
826 3250 887 3339 ipse
915 3261 995 3339 glans
1012 3263 1075 3336 jam
1100 3284 1167 3322 acre
1187 3267 1300 3328 sebum

214 3376 357 3423 secernat.
400 3363 590 3425 Doctissimus
625 3366 806 3424 Rosenbaum
829 3364 940 3439 credit,
963 3366 1088 3424 calidam
1111 3378 1299 3448 temperatu-

236 3524 433 3540 -n-——a

247 3592 279 3649 (9)
290 3595 419 3642 stannus,
432 3592 455 3633 in
470 3592 564 3634 Journal
577 3592 614 3633 des
631 3593 797 3634 counoissances
810 3589 866 3631 med.
876 3590 942 3631 ianr.
959 3588 1023 3632 1837.
1041 3589 1077 3632 Cs-
1091 3590 1214 3633 Scuitmr's
1227 3592 1301 3636 Jahr-

214 3673 309 3717 biicber.
329 3673 394 3716 1838.
412 3674 458 3716 llI.
474 3688 498 3728 p.
513 3673 564 3717 294.

247 3753 295 3812 (10)
312 3755 410 3796 Fusucis
424 3756 503 3797 Encas
515 3754 540 3796 in
554 3755 592 3796 the
604 3757 697 3797 Laueet.
711 3756 765 3810 July
781 3755 846 3799 1886.
861 3754 905 3799 No.
926 3756 977 3800 671.
1002 3756 1039 3800 Cf.
1058 3759 1193 3801 assumus
1212 3758 1300 3815 Syphi-

215 3836 334 3912 iidplogie‚
347 3835 406 3879 Bnd.
422 3837 441 3877 1.
457 3835 527 3896 tteft,
538 3837 557 3878 Ι.
573 3851 597 3891 p.
615 3835 664 3879 118.

247 3916 294 3973 (11)
311 3918 467 3967 Rosausaou,
487 3918 522 3959 die
534 3918 678 3961 Lustseuche.
694 3934 716 3974 p.
730 3917 781 3962 ³⁰6.
