2754 4710
596 192 818 252 -119—

148 350 247 425 locus,
276 373 351 412 num
368 353 438 413 haec
465 375 483 412 a
504 354 657 418 Nicandro
671 353 820 432 descripta
838 353 940 432 planta
960 353 1053 412 fuerit
1074 353 1175 414 eadem
1192 375 1226 414 ac

150 436 243 515 Plinii
257 455 373 515 'Panax
402 455 596 529 Chironium,
629 477 667 514 un
697 456 796 536 potius
818 455 858 515 sit
880 454 1077 534 comparanda
1093 476 1161 515 curn
1181 456 1227 513 al·
1265 499 1269 506 .

151 570 217 619 tera
248 559 368 620 Parracis
386 561 502 638 specie,
523 561 719 621 scilicetcum
741 561 855 621 Panaoe
870 561 1051 632 Centaureo,
1076 559 1110 617 in
1126 559 1228 618 eodem

148 662 243 740 hujus
263 661 343 721 Libri
364 664 460 742 capite
473 687 491 722 a
513 665 613 725 Plinio
629 664 776 745 descripto
786 711 795 741 ,
818 664 904 740 cujus
924 663 996 722 solia
1016 663 1102 741 longa
1120 674 1150 723 et
1165 684 1227 722 ser-

148 775 214 824 rata
236 775 322 841 sunt,
345 766 493 845 radixque
509 766 583 826 vino
600 770 724 846 gretiam
742 769 883 846 adjiciens
893 812 902 843 ‚
926 776 956 826 et
972 786 1109 846 magnam
1131 768 1229 827 effica-

148 871 227 929 ciam
257 869 369 928 habens
400 873 499 931 omnia
520 871 645 931 vulnera
664 871 744 931 ferro
765 873 849 932 illata
868 871 1010 930 sanandi:
1034 869 1111 929 hano
1128 879 1229 930 autem

149 972 273 1030 herbam
299 964 324 1030 a¹
344 971 475 1032 Chirone
508 954 656 1053 repertam
685 985 788 1034 narrat
805 975 932 1035 Plinius.
974 973 1120 1032 Videntur
1137 973 1231 1053 igitur

149 1077 252 1158 plures
269 1077 386 1156 plantae
408 1079 487 1158 apud
505 1091 620 1139 veteres
640 1100 657 1136 a
678 1078 808 1139 Chirone
824 1098 933 1136 nornen
943 1078 1096 1156 accepisse,
1116 1086 1147 1135 et
1155 1077 1232 1135 sorte

148 1180 271 1259 quidem
297 1181 333 1238 ob
363 1182 492 1241 virtutes
522 1183 665 1258 eximias,
694 1204 771 1262 quae
793 1184 831 1243 iis
848 1185 882 1242 in
904 1184 1077 1243 vulneribus
1093 1182 1232 1241 sanandis

150 1283 369 1343 tribuebantur.
421 1285 496 1344 Nam
524 1296 554 1345 et
580 1286 700 1344 tertiam
725 1287 854 1366 speciem
880 1307 898 1343 a
926 1287 1024 1346 Plinio
1051 1285 1229 1363 descriptam

146 1385 324 1445 offendimus
346 1389 377 1444 in
395 1387 526 1464 ejusdem
545 1388 629 1448 Libri
646 1389 743 1467 capite
759 1400 861 1454 sexto,
883 1409 958 1468 quae
970 1389 1228 1449 eliamaChirone

145 1512 256 1550 nomen
285 1491 390 1551 habet:
422 1495 493 1551 volo
516 1495 707 1553 Centauream
739 1492 915 1566 Chironion,
934 1493 984 1550 cui
996 1502 1149 1571 sequentes
1170 1513 1226 1549 no-

147 1604 194 1652 tas
215 1593 324 1652 tribuit
345 1604 457 1654 noster.
483 1596 664 1655 »Centaurea
675 1643 685 1673 ,
706 1597 817 1675 inquit,
839 1604 960 1655 curatus
978 1581 1091 1656 dicitur
1112 1595 1224 1654 Chiron

145 1718 228 1771 cum,
251 1697 388 1756 Herculis
396 1697 511 1775 excepti
531 1697 662 1776 hospitio
685 1702 880 1777 pertractanti
896 1722 998 1777 arma,
1026 1699 1130 1778 sagitta
1141 1700 1224 1758 exci-

143 1803 235 1861 disset
245 1802 278 1860 in
300 1803 419 1880 pedem,
441 1823 533 1882 quare
541 1802 635 1882 aliqui
644 1802 809 1862 Chironion
835 1814 954 1864 vocant.
978 1803 1060 1864 Folia
1068 1814 1138 1863 sunt
1158 1805 1228 1877 lato,

143 1907 279 1985 oblonga,
299 1916 412 1966 serrato
431 1907 564 1985 ambitu,
581 1908 671 1966 densa
684 1906 721 1965 ab
742 1907 866 1984 radice,
887 1908 985 1968 caules
1004 1905 1125 1967 ternaim
1144 1908 1229 1967 cubi-

146 2023 268 2081 torum,
293 2009 464 2089 geniculati.
508 2010 545 2068 Iu
565 2010 613 2069 his
630 2012 792 2091 capiteceu
806 2032 1010 2092 papaverum3
1034 2011 1224 2086 radixvosta,

143 2114 322 2188 rubescens,
351 2122 452 2172 tenera
481 2113 672 2194 fragilisque,
698 2117 735 2174 ad
752 2115 821 2174 bina
842 2115 962 2189 cubita,
983 2113 1100 2174 madida
1120 2134 1220 2184 succo,

143 2236 247 2274 amara
268 2238 335 2276 cum
355 2217 483 2297 quadam
502 2219 674 2279 dulcedine:
701 2220 835 2279 nascitur
856 2219 888 2278 in
908 2217 1033 2278 collibus
1041 2216 1143 2296 pingui
1153 2217 1225 2275 solo.

146 2319 368 2379 Laudatissima
394 2321 426 2379 in
459 2322 605 2407 Arcadia,⁴
622 2323 729 2398 Elide,
752 2323 913 2397 Messenia,
935 2321 1046 2381 Pholoe
1062 2333 1093 2380 et
1112 2320 1228 2400 Lycaeo

144 2434 175 2480 et
206 2424 240 2480 in
262 2423 385 2501 Alpibus
412 2444 505 2496 vero,
539 2425 735 2503 plurimisque
754 2425 820 2484 aliis
837 2425 921 2485 locis.
942 2425 1072 2497 Quidam
1091 2435 1121 2482 et
1137 2445 1173 2483 ex
1189 2445 1224 2482 ea

146 2527 274 2604 Lycium
303 2525 440 2583 sariunt:
465 2560 503 2572 -
523 2529 570 2584 vis
595 2528 628 2585 in
649 2528 826 2586 vulneribus
841 2537 944 2602 tanta,
967 2539 1001 2586 ut
1018 2527 1225 2587 cohaerescere

145 2633 237 2688 ctiam
262 2649 365 2688 carnes
384 2630 522 2705 tradant,
544 2631 568 2687 si
586 2640 753 2708 coquantur
762 2630 906 2705 simul5in
923 2651 979 2688 usu
997 2629 1085 2688 radix
1105 2639 1222 2688 tantum

147 2730 260 2789 (luobus
279 2730 428 2790 drachmis
438 2732 578 2803 bibenda,
601 2733 708 2811 quibus
723 2731 850 2808 dicetur,
869 2733 895 2789 si
911 2731 1000 2789 febris
1023 2733 1077 2806 sit,
1098 2731 1131 2789 in
1148 2750 1223 2808 aqua

145 2833 238 2905 trita,
261 2834 383 2893 caeteris
400 2834 433 2893 in
452 2834 558 2893 vino.''
601 2834 691 2892 Adest
702 2835 791 2893 ctiam
803 2835 944 2914 quaedam
955 2834 1164 2894 convenientia
1173 2831 1223 2893 in-

144 2950 192 2997 tor
212 2938 288 2997 hanc
306 2939 397 2998 Plinii
415 2938 643 3016 descriptionem
661 2947 691 2995 et
708 2937 792 2995 illam
816 2937 978 3012 Nicandri,
1000 2936 1146 3015 siquidem
1165 2937 1224 2996 oti-

143 3063 192 3099 am
227 3041 277 3100 hic
304 3041 340 3100 de
363 3043 457 3122 longis
487 3042 566 3100 foliis
596 3042 711 3100 caulem
741 3043 936 3103 ambientibus
956 3043 1096 3122 loquatur
1127 3051 1157 3101 et
1185 3042 1221 3101 de

144 3145 251 3204 radicis
270 3147 416 3205 contritae
433 3145 572 3205 mistione
590 3166 659 3206 cum
678 3144 762 3202 vino.
792 3145 824 3206 Si
844 3165 915 3205 vero
927 3146 1020 3205 Plinii
1034 3145 1219 3204 verhacom-

146 3269 283 3327 paramus
304 3269 373 3308 cum
392 3250 470 3308 uotis
480 3296 489 3324 ,
511 3269 583 3326 quas
606 3247 791 3307 Dioscorides
810 3249 927 3328 plantae
947 3250 1009 3321 illi,
1034 3258 1223 3327 quarnvocat

147 3353 341 3413 Centaurium
371 3374 510 3434 magnum
522 3400 531 3430 ,
563 3353 687 3428 tribuit,
717 3361 832 3412 tantam
867 3354 947 3412 inter
974 3361 1131 3430 utramque
1151 3373 1224 3411 con-

149 3455 335 3515 venientiam
355 3456 547 3531 offendimus,
570 3467 677 3516 utnon
697 3456 845 3538 possimus
857 3502 866 3532 ,
888 3458 960 3535 quin
982 3456 1074 3515 Plinii
1095 3457 1223 3517 Centau-

145 3580 229 3618 ream
264 3559 429 3619 Chironion
460 3570 490 3620 et
524 3559 706 3622 Dioscoridis
738 3561 932 3620 Centaurium
964 3581 1103 3640 magnum
1130 3584 1221 3621 unam

145 3663 330 3740 eandemque
363 3664 496 3743 plantam
533 3665 758 3746 pronuntiemus
785 3662 870 3745 (hblz
902 3664 982 3727 hanc
1008 3675 1107 3726 aulem
1133 3667 1222 3727 flores

144 3772 232 3847 766)
248 3792 400 3834 Diosconrrm
417 3792 468 3836 Lib.
490 3792 536 3836 111.
558 3808 578 3837 e.
600 3795 622 3837 8.
644 3794 808 3840 nCentaorinm
826 3808 945 3852 magnum,
967 3797 1025 3852 quod
1043 3797 1115 3850 aliqui
1134 3796 1224 3840 Narem
