2754 4710
495 461 611 520 -97
654 495 693 507 ...

64 629 154 688 luisse
184 623 426 704 antiquissimum
465 622 555 697 illud,
584 622 662 701 quod
689 639 797 700 epyro
831 622 961 682 silvestri
991 627 1140 706 soulptmn

61 734 137 791 olim
162 730 306 810 Tirynthe
326 751 344 787 a
374 728 473 786 Piraso
489 735 693 788 consecratum
711 725 743 782 iu
759 726 905 805 templum
924 729 1050 788 lunonis
1083 732 1139 790 Ar-

68 836 155 914 givae
171 833 251 900 haud
268 833 352 910 lo'oge
367 854 383 890 a
401 831 532 910 Mycenis
549 831 735 909 deportatum
756 830 854 889 suerat
873 830 950 913 (62).
991 836 1056 892 Jam
1072 836 1139 894 ideo

65 943 144 1001 torte
181 938 255 997 illud
282 936 496 1015 vilipenderint
525 934 691 1008 Proetides,
724 935 794 1013 quia
824 954 882 994 ex.
901 958 977 1015 pyro
1005 938 1137 999 silvestri

66 1053 132 1101 erat
159 1041 337 1102 consectum.
379 1041 481 1119 Neque
511 1039 602 1096 etiam
628 1039 690 1115 ipse
712 1039 851 1116 Sprengel
871 1040 929 1099 sibi
949 1052 1084 1116 constat,
1106 1052 1140 1102 ut

67 1147 186 1225 opinor.
229 1143 273 1202 Ex
294 1142 459 1222 fragmento
478 1143 558 1200 enim
580 1141 729 1220 quodam,
752 1143 830 1219 quod
849 1163 888 1201 ex
917 1145 1043 1204 Hesiodo·
1067 1146 1140 1205 citat

68 1233 243 1330 Eustatliius
272 1247 338 1328 (63)
351 1293 360 1322 ‚
391 1247 509 1307 conficit
535 1245 585 1305 vir
615 1246 842 1324 celeberrimus,
865 1251 1003 1311 morbum
1023 1253 1141 1311 Proeti·

68 1355 174 1412 darum
201 1350 292 1413 luisse
322 1355 422 1424 λευκήν
450 1353 650 1424 Graecorum3
673 1360 702 1409 et
722 1373 804 1412 nuno
824 1354 958 1413 morbum
980 1356 1139 1415 mentalem

69 1459 177 1517 harum
204 1455 392 1534 puellarum,
424 1475 513 1532 quem
535 1455 753 1512 mox-furorem
773 1455 926 1514 uterinum
945 1477 1140 1537 nuncupave-

69 1571 133 1635 rat,
152 1559 189 1617 ad
208 1568 406 1636 symptomata
425 1557 514 1634 hujus
539 1557 698 1636 vitiliginis
714 1551 829 1636 ¹speciei
848 1558 940 1618 refert
962 1561 1047 1641 (6²1),
1068 1561 1139 1620 adeo

71 1675 125 1740 ut,
156 1663 209 1742 qui
229 1683 300 1721 mox
329 1672 392 1719 erat
430 1662 492 1739 ipse
519 1661 652 1730 morbus,
698 1680 779 1718 nunc
807 1662 848 1721 sit
876 1663 972 1722 morbi
1006 1676 1141 1744 sympto-

68 1789 127 1827 ma.
178 1766 305 1840 Dubito,
344 1785 382 1821 an
415 1783 454 1822 ex
492 1764 547 1822 hoc
597 1764 760 1840 fragmento
796 1763 968 1826 Hesiodiano
1010 1768 1138 1827 multum

68 1871 105 1928 ad
143 1868 351 1948 explicandum
386 1866 592 1925 Proetidarunr
630 1867 766 1924 morbum
804 1869 948 1928 continere
981 1872 1142 1934 valeamus.

69 1978 172 2037 Primo
193 1977 257 2034 loco
276 1977 386 2042 miror,
400 1971 639 2050 Apollodorum,
662 1973 716 2051 qui
736 1972 895 2031 Hesiodum
915 1975 988 2034 citat
999 1958 1013 2046 ,⁸
1032 1975 1141 2037 horum
1196 2044 1199 2049 ¹

69 2101 211 2142 versuum
239 2099 299 2137 non
324 2076 506 2136 mentionem
534 2074 644 2132 secisse.
684 2076 817 2134 Secundo
845 2075 909 2133 loco
937 2058 1014 2157 apud
1042 2085 1141 2157 poetas

67 2185 240 2244 morborum
265 2189 400 2241 acetuuta
424 2178 697 2257 symptomatologia
717 2198 778 2235 non
789 2180 966 2256 ,quaerenda
984 2201 1045 2241 esse
1063 2181 1140 2241 mihi

69 2288 208 2359 videtur,
228 2287 304 2344 forte
324 2290 408 2362 po'e'ta
425 2282 473 2342 his
492 2281 624 2339 versibus
640 2281 825 2339 solummodo
836 2282 959 2359 ,poetice
985 2283 1142 2364 descripsit
1217 2291 1223 2306 ‘

68 2390 280 2470 deplorabilem
307 2385 513 2447 Proetidarum
535 2384 753 2458 conditionem,
776 2404 869 2463 quum
892 2385 1066 2446 furibundae
1086 2407 1142 2466 per

69 2503 187 2553 montes
216 2501 368 2550 errarent:
400 2493 441 2548 ita
464 2489 554 2546 etiam
581 2487 808 2566 intelligendum
836 2489 912 2548 illud
939 2491 1140 2570 virgilianum

69 2600 108 2658 tle
126 2596 324 2656 Proetidibus:
345 2593 527 2671 ttlmplerunt
546 2591 626 2648 salsis
646 2592 804 2670 mugitibus
823 2596 930 2652 auras''
953 2592 1019 2675 (65)
1029 2641 1038 2670 ,
1060 2597 1141 2673 quod

68 2703 108 2761 de
133 2719 205 2758 voce
234 2698 342 2755 bovina
364 2693 546 2752 intellexisse
573 2693 694 2752 videtur
715 2695 875 2773 Sprengel,
898 2697 1017 2774 qualem
1036 2719 1140 2757 vocem

69 2805 125 2885 (an
144 2795 259 2874 rectel)
281 2797 392 2854 Leucoe
411 2795 527 2854 tribuit.
569 2796 672 2853 Tertio
691 2796 818 2876 denique
830 2798 928 2857 looosi
943 2799 1139 2878 fragmentum

66 2902 150 2967 illud
177 2918 283 2957 revera
308 2898 394 2955 nobis
419 2897 516 2955 locum
544 2897 614 2954 dare
641 2907 755 2976 posset,
780 2909 815 2957 ut
833 2901 869 2958 d'e
889 2902 1037 2982 vitiligine
1057 2906 1162 2984 cogi·-

65 3025 184 3081 temus,
231 3023 293 3060 non
329 3010 430 3080 patet,
469 3009 573 3059 utrum
594 3003 687 3074 ἄλφός
706 3022 745 3058 an
767 3007 850 3076 λευκή
869 3002 961 3064 suerit
1000 3009 1136 3070 morbus:

66 3181 268 3207 ,......-.-

101 3253 149 3307 (62)
164 3253 243 3294 orsu.
256 3249 335 3291 Ausx.
350 3247 406 3288 Coh.
420 3245 448 3286 ud
462 3244 529 3286 Gent.
542 3252 567 3297 p.
585 3243 619 3286 14.
635 3243 718 3286 Erras
733 3245 813 3299 Praep.
828 3247 1002 3301 Evang.111.8.
1018 3249 1056 3293 οἱ,
1070 3251 1139 3296 ΡΜ,

98 3334 156 3379 .17.
267 3359 268 3362 =

65 3338 150 3470 II(53)
166 3394 278 3456 Euaissa.
293 3411 320 3452 atl
334 3410 413 3466 Odyss.
428 3395 465 3443 Νι
483 3421 508 3462 p.
524 3404 587 3447 1⁷46.
605 3403 787 3458 (ed.Rom.·l'ol.
803 3403 891 3461 1549.):
913 3389 966 3444 λλὲκ
986 3395 1039 3447 τοῦ
1062 3384 1148 3469 παραἸ

69 3500 208 3576 Ἡσιόδῳ
229 3498 390 3572 καταλόγου
406 3494 542 3568 περὶτῶν
560 3492 733 3566 Προιτίδων.

189 3608 249 3660 Καὶ
269 3602 321 3678 γὰρ
340 3618 410 3669 σφιν
428 3599 569 3668 κεφαλῇσι
588 3597 659 3651 κατὰ
682 3600 767 3660 ustor
788 3596 872 3654 ἄινὸν
890 3597 994 3667 ἔχευεν·

190 3705 303 3776 Ἀλφὸς
319 3705 371 3782 γὰρ
390 3704 466 3778 χρόα
483 3703 577 3757 πάντα
595 3700 740 3770 κατέσχεν·
762 3701 792 3758 ἐκ
808 3696 840 3757 di
860 3723 894 3756 κυ
907 3710 1010 3771 χαῖται
1105 3748 1112 3763 .

195 3813 318 3884 Ἒρριοκ
336 3807 367 3864 ἐκ
389 3804 540 3875 κεφαλέων
550 3807 661 3877 φίλατο
680 3801 713 3861 δὲ
736 3805 807 3860 sold
830 3805 968 3880 udpnro3’

103 3912 151 3968 (54)
168 3908 309 3953 Srnsnoau’s
321 3907 423 3960 Beitrtge
432 3935 440 3955 ,
453 3906 477 3947 1.·
486 3917 506 3948 o.
523 3921 547 3961 p.
562 3902 599 3948 50.
615 3903 645 3946 cf.
661 3904 698 3947 49.

100 3991 149 4050 (65)
166 3993 263 4037 Vmort.
280 3988 355 4043 Erlog.
371 3988 392 4030 6.
409 3988 446 4030 ts.
