2754 4710
662 563 883 622 -212—

221 733 321 782 tamen
339 724 506 801 apotheosis
528 725 582 783 illa
606 744 675 784 cum
703 723 903 803 Polytheismo
924 721 1095 798 cohaereat,
1118 742 1155 782 ex
1180 743 1217 780 eo
1238 741 1306 781 corsa

220 829 272 886 sici¹
297 829 387 905 licet,
417 829 516 909 qum,
542 828 690 910 siquando
717 838 839 908 patrum
864 826 1039 905 religionem
1069 824 1260 904 reliquerant
1278 835 1306 882 et

220 932 382 1011 impiorum
413 933 605 992 chananaeae
633 932 801 991 incolarum
827 934 905 991 Deos
932 945 1126 1012 acceperant,
1151 931 1247 989 etiam
1268 930 1305 988 iis

223 1037 309 1096 rebus
338 1037 460 1105 divinos
480 1037 607 1097 honores
627 1037 807 1110 tribuerent,
834 1050 965 1115 quarum
984 1036 1097 1095 auxilio
1116 1055 1147 1094 se
1165 1045 1256 1094 antea
1273 1035 1308 1091 ab

221 1140 455 1219 aegritudinibus
489 1142 627 1201 liberatos
664 1141 771 1215 luisse,
809 1142 983 1217 credebant,
1019 1141 1066 1199 nti
1096 1161 1128 1199 v.
1155 1160 1182 1199 c.
1216 1160 1306 1198 aeneo

222 1244 371 1324 serpenti,
402 1265 490 1323 quem
519 1245 612 1305 Moses
639 1246 673 1303 in
708 1247 823 1306 deserto
850 1247 978 1322 lecerat,
1016 1265 1166 1325 quemque
1209 1255 1307 1324 postea

222 1349 360 1408 contudit
384 1369 437 1409 rex
469 1349 610 1409 Ezechias
634 1350 691 1430 (l)
739 1351 774 1410 ln
801 1351 951 1432 capitibus
981 1350 1037 1423 iis,
1071 1354 1104 1409 in
1132 1349 1244 1429 quibus
1273 1351 1307 1408 de

222 1455 422 1514 serenioribus
450 1465 480 1514 et
512 1456 666 1536 prophetis
697 1453 830 1532 egimus,
865 1455 980 1513 nullam
997 1454 1196 1513 sufficientem
1218 1454 1306 1512 ratio-

224 1580 293 1617 nem
316 1580 377 1618 esse
407 1559 608 1636 ostendimus,
640 1579 733 1638 quare
748 1569 932 1635 statuamus,
960 1558 1038 1638 apud
1066 1558 1219 1616 Isratlitas
1246 1558 1306 1617 sive

225 1663 403 1742 prophetas,
442 1665 506 1725 sive
531 1665 694 1725 sacerdotes
722 1664 902 1724 medicinam
926 1664 1090 1742 practicam
1120 1663 1303 1738 exercuisse;

224 1767 305 1825 licet
326 1767 476 1845 quandam
505 1769 586 1828 intes·
617 1771 733 1831 eosdem
761 1781 791 1830 et
816 1770 994 1830 medicinam
1013 1768 1162 1828 exstitisse
1183 1769 1304 1827 necessi·

227 1874 380 1950 tudinem,
407 1896 467 1934 nou
496 1877 713 1955 negaverimus.
755 1875 813 1934 Sed
839 1875 924 1954 longe
946 1873 1042 1950 major
1071 1882 1137 1931 erat
1158 1872 1236 1932 haee
1256 1893 1305 1930 ne-

225 1979 371 2039 cessitudo
396 1979 476 2058 apud
492 1980 559 2039 illos
583 1982 728 2060 populos,
749 1980 801 2058 qni
821 1980 920 2060 plures
936 1979 1099 2038 adorabant
1117 1980 1214 2050 Deos,
1231 1978 1304 2057 apud

225 2105 300 2162 quos
321 2084 518 2143 sacerdotium
547 2101 577 2143 et
600 2085 780 2144 vaticinium
807 2092 839 2142 et
865 2105 913 2143 ars
939 2081 1074 2157 medica,
1103 2081 1208 2141 omnia
1239 2104 1305 2140 con-

222 2189 328 2265 juncta
353 2190 443 2248 simul
473 2188 527 2247 uni
554 2188 623 2248 viro
649 2198 735 2247 erant
753 2187 883 2263 tradita,
902 2186 1066 2267 iidemque,
1094 2187 1148 2265 qui
1166 2196 1302 2265 tanquan

225 2313 377 2352 sacrorum
405 2293 552 2353 antistites
572 2296 703 2352 Deorum
727 2293 913 2351 voluntatem
932 2289 1130 2370 interpretari
1149 2289 1304 2348 credeban-

225 2408 297 2471 tur,
325 2397 362 2455 de
385 2396 422 2455 iis
449 2417 569 2476 quoque
594 2397 840 2469 consulebantur,
867 2416 945 2476 qnae
963 2395 1000 2453 ad
1022 2395 1139 2452 morbos
1160 2393 1302 2455 curandos

225 2509 324 2559 essent
349 2498 500 2572 facienda3
529 2500 605 2576 quin
630 2509 660 2558 et
692 2520 786 2579 quum
812 2509 944 2560 caeterae
971 2497 1126 2557 doctrinae
1150 2518 1214 2556 non
1240 2519 1303 2556 am·

226 2605 306 2685 plius
329 2623 346 2659 a
368 2603 566 2662 sacerdotibus
590 2604 677 2675 solis,
703 2602 752 2660 sed
768 2602 919 2682 imprimis
939 2623 957 2660 a
973 2600 1159 2680 philosophis
1176 2601 1303 2660 coleren-

226 2698 276 2767 tur
289 2754 298 2783 ,
333 2728 387 2788 per
416 2707 510 2766 multa
545 2718 645 2767 tamen
676 2709 791 2768 saecula
820 2730 867 2768 ars
898 2717 1000 2766 nostra
1025 2707 1213 2766 solummodo
1245 2714 1303 2764 erat

225 2833 314 2893 penes
334 2834 391 2885 eos,
410 2813 463 2891 qui
482 2814 665 2893 Aesculapii,
689 2815 785 2887 Isidis,
814 2802 1004 2894 aliorumque
1025 2814 1186 2872 numinum
1203 2813 1304 2872 ritibus

225 2925 393 2998 praeierant.
435 2919 564 2977 Celebris
590 2929 654 2978 erat
671 2920 723 2979 illa
744 2919 871 2979 curandi
890 2918 1047 2978 methodus
1067 2904 1303 2978 incantationum

225 3043 298 3102 ope,
327 3043 385 3101 qua
410 3023 572 3082 utebantur
601 3023 709 3082 medici
736 3023 815 3104 apud
842 3023 923 3096 illos,
950 3022 1003 3102 qui
1025 3022 1126 3101 plures
1143 3022 1303 3080 adorabant

225 3130 321 3200 Deos,
353 3138 383 3187 et
412 3126 492 3186 baud
514 3128 614 3188 minus
642 3129 735 3187 altera
762 3148 814 3204 ea,
841 3147 919 3206 quae
938 3125 1062 3185 eandem
1084 3145 1155 3185 mox
1175 3126 1305 3185 insecuta

224 3254 278 3311 per
307 3232 528 3292 incubationem
556 3233 590 3291 in
617 3235 752 3293 Deorum
780 3232 859 3291 fanis
887 3231 924 3290 ab
949 3230 1171 3310 aegrotantibus
1201 3232 1251 3290 vel
1272 3230 1304 3288 ab

225 3338 297 3417 ipsis
323 3324 521 3398 sacerdotibus
542 3337 673 3396 habitam
692 3338 799 3396 fiebat:
828 3337 935 3415 quibus
954 3335 1103 3395 methodis
1131 3343 1234 3395 tamen
1254 3356 1303 3394 na-

224 3443 322 3502 turale
350 3442 498 3523 quoddam
530 3442 779 3501 medicamentum
809 3441 986 3521 plerumque
1005 3440 1150 3513 accessit,
1176 3440 1230 3500 cni
1245 3440 1304 3519 ipsa

226 3548 342 3606 sanatio
363 3558 428 3606 erat
453 3547 630 3618 tribuenda,
653 3547 711 3604 nisi
731 3545 803 3605 haec
822 3546 922 3626 potius
939 3565 993 3624 per
1011 3545 1076 3605 vim
1098 3553 1225 3603 naturae
1247 3558 1305 3602 me-

226 3651 378 3710 (licatricis
406 3652 582 3712 efficeretur.
625 3652 714 3730 Apud
742 3652 893 3710 lsraiilitas
921 3663 1025 3709 contra
1054 3649 1164 3708 harum
1191 3648 1306 3708 motho-

225 3753 333 3813 dorum
360 3755 439 3813 nihil
467 3754 671 3815 offendimus.'
694 3755 848 3834 Siquando
872 3754 1035 3834 prophetae
1054 3753 1221 3812 sanationes
1240 3773 1306 3832 per-

223 3861 359 3933 ficerent,
383 3859 456 3918 haec
474 3860 562 3939 plane
583 3871 669 3919 erant
690 3859 850 3933 mirificae,
868 3858 984 3936 saepius
1022 3878 1083 3915 nno
1103 3856 1212 3930 verbo,
1233 3855 1309 3936 quod

222 3965 328 4024 divino
362 3964 471 4044 spiritu
516 3965 654 4046 inspirati
700 3964 954 4044 pronuntiabant,
998 3971 1151 4042 peractae,
1202 3961 1309 4042 absque

222 4069 472 4129 incantationibus
502 4069 626 4147 aliisque
658 4068 802 4130 artificiis.
855 4067 902 4126 Ex
924 4067 1014 4150 sacris
1049 4064 1206 4126 Codicibns
1229 4063 1311 4123 nobis

235 4209 418 4220 ..am-w·-

255 4271 287 4328 (ι)
305 4273 338 4314 11.
354 4272 410 4326 aeg.
427 4268 521 4314 artu.
538 4271 561 4311 t.
