<?xml version="1.0" encoding="UTF-8"?>
<!DOCTYPE html PUBLIC "-//W3C//DTD XHTML 1.0 Transitional//EN"
    "http://www.w3.org/TR/xhtml1/DTD/xhtml1-transitional.dtd">
<html xmlns="http://www.w3.org/1999/xhtml" xml:lang="en" lang="en">
 <head>
  <title>
</title>
<meta http-equiv="Content-Type" content="text/html;charset=utf-8" />
  <meta name='ocr-system' content='tesseract 3.04.00' />
  <meta name='ocr-capabilities' content='ocr_page ocr_carea ocr_par ocr_line ocrx_word'/>
</head>
<body>
  <div class='ocr_page' id='page_1' title='image "./dissertatiohist00sijbgoog_0079.png"; bbox 0 0 2754 4710; ppageno 0'>
   <div class='ocr_carea' id='block_1_1' title="bbox 638 425 839 483">
    <p class='ocr_par' dir='ltr' id='par_1_1' title="bbox 638 425 839 483">
     <span class='ocr_line' id='line_1_1' title="bbox 638 425 839 483; baseline 0 -15"><span class='ocrx_word' id='word_1_1' title='bbox 638 425 839 483; x_wconf 59' lang='lat'>...62-</span> 
     </span>
    </p>
   </div>
   <div class='ocr_carea' id='block_1_2' title="bbox 147 582 1300 2332">
    <p class='ocr_par' dir='ltr' id='par_1_2' title="bbox 147 582 1300 2332">
     <span class='ocr_line' id='line_1_2' title="bbox 195 582 1295 664; baseline -0.005 -16"><span class='ocrx_word' id='word_1_2' title='bbox 195 597 229 648; x_wconf 87' lang='lat' dir='ltr'>ut</span> <span class='ocrx_word' id='word_1_3' title='bbox 249 585 295 644; x_wconf 85' lang='lat' dir='ltr'>rei</span> <span class='ocrx_word' id='word_1_4' title='bbox 315 605 420 644; x_wconf 86' lang='lat' dir='ltr'>revera</span> <span class='ocrx_word' id='word_1_5' title='bbox 445 586 551 664; x_wconf 87' lang='lat' dir='ltr'>capitis</span> <span class='ocrx_word' id='word_1_6' title='bbox 581 585 815 653; x_wconf 70' lang='lat' dir='ltr'>damnarentur,</span> <span class='ocrx_word' id='word_1_7' title='bbox 835 582 885 642; x_wconf 84' lang='lat' dir='ltr'>sed</span> <span class='ocrx_word' id='word_1_8' title='bbox 904 584 1002 663; x_wconf 88' lang='lat' dir='ltr'>potius</span> <span class='ocrx_word' id='word_1_9' title='bbox 1022 603 1060 642; x_wconf 83' lang='lat' dir='ltr'>ex</span> <span class='ocrx_word' id='word_1_10' title='bbox 1077 583 1210 643; x_wconf 86' lang='lat' dir='ltr'>aliorum</span> <span class='ocrx_word' id='word_1_11' title='bbox 1230 605 1295 643; x_wconf 87' lang='lat' dir='ltr'>so-</span> 
     </span>
     <span class='ocr_line' id='line_1_3' title="bbox 194 688 1300 770; baseline -0.004 -18"><span class='ocrx_word' id='word_1_12' title='bbox 194 692 301 752; x_wconf 88' lang='lat' dir='ltr'>cietate</span> <span class='ocrx_word' id='word_1_13' title='bbox 328 691 569 770; x_wconf 81' lang='lat' dir='ltr'>expellerentur,</span> <span class='ocrx_word' id='word_1_14' title='bbox 601 690 674 750; x_wconf 89' lang='lat' dir='ltr'>adeo</span> <span class='ocrx_word' id='word_1_15' title='bbox 706 699 741 750; x_wconf 88' lang='lat' dir='ltr'>ut</span> <span class='ocrx_word' id='word_1_16' title='bbox 760 710 814 768; x_wconf 86' lang='lat' dir='ltr'>per</span> <span class='ocrx_word' id='word_1_17' title='bbox 833 688 981 768; x_wconf 86' lang='lat' dir='ltr'>reliquam</span> <span class='ocrx_word' id='word_1_18' title='bbox 999 697 1095 746; x_wconf 87' lang='lat' dir='ltr'>totam</span> <span class='ocrx_word' id='word_1_19' title='bbox 1116 688 1216 765; x_wconf 71' lang='lat' dir='ltr'>uitam</span> <span class='ocrx_word' id='word_1_20' title='bbox 1232 709 1300 748; x_wconf 66' lang='lat' dir='ltr'>es-</span> 
     </span>
     <span class='ocr_line' id='line_1_4' title="bbox 195 772 1287 873; baseline -0.003 -18"><span class='ocrx_word' id='word_1_21' title='bbox 195 803 261 855; x_wconf 88' lang='lat' dir='ltr'>sent</span> <span class='ocrx_word' id='word_1_22' title='bbox 277 795 406 873; x_wconf 86' lang='lat' dir='ltr'>impuri,</span> <span class='ocrx_word' id='word_1_23' title='bbox 429 803 530 852; x_wconf 90' lang='lat' dir='ltr'>tamen</span> <span class='ocrx_word' id='word_1_24' title='bbox 541 780 664 871; x_wconf 54' lang='lat' dir='ltr'>&#39;semper</span> <span class='ocrx_word' id='word_1_25' title='bbox 679 793 717 851; x_wconf 88' lang='lat' dir='ltr'>ad</span> <span class='ocrx_word' id='word_1_26' title='bbox 736 793 924 872; x_wconf 86' lang='lat' dir='ltr'>gravissimas</span> <span class='ocrx_word' id='word_1_27' title='bbox 937 772 1010 852; x_wconf 79' lang='lat' dir='ltr'>haec</span> <span class='ocrx_word' id='word_1_28' title='bbox 1028 813 1123 872; x_wconf 87' lang='lat' dir='ltr'>poena</span> <span class='ocrx_word' id='word_1_29' title='bbox 1131 792 1287 872; x_wconf 73' lang='lat' dir='ltr'>pertinet,</span> 
     </span>
     <span class='ocr_line' id='line_1_5' title="bbox 193 896 1289 978; baseline 0.004 -22"><span class='ocrx_word' id='word_1_30' title='bbox 193 898 265 958; x_wconf 88' lang='lat' dir='ltr'>adeo</span> <span class='ocrx_word' id='word_1_31' title='bbox 286 909 319 956; x_wconf 91' lang='lat' dir='ltr'>ut</span> <span class='ocrx_word' id='word_1_32' title='bbox 340 898 515 978; x_wconf 85' lang='lat' dir='ltr'>legislatoris</span> <span class='ocrx_word' id='word_1_33' title='bbox 534 919 625 977; x_wconf 86' lang='lat' dir='ltr'>quarn</span> <span class='ocrx_word' id='word_1_34' title='bbox 646 898 775 956; x_wconf 83' lang='lat' dir='ltr'>maxime</span> <span class='ocrx_word' id='word_1_35' title='bbox 795 897 966 956; x_wconf 86' lang='lat' dir='ltr'>interluisso</span> <span class='ocrx_word' id='word_1_36' title='bbox 984 896 1139 972; x_wconf 84' lang='lat' dir='ltr'>videatur,</span> <span class='ocrx_word' id='word_1_37' title='bbox 1157 897 1289 961; x_wconf 81' lang='lat' dir='ltr'>uthano</span> 
     </span>
     <span class='ocr_line' id='line_1_6' title="bbox 193 1000 1289 1084; baseline -0.004 -21"><span class='ocrx_word' id='word_1_38' title='bbox 193 1004 285 1084; x_wconf 88' lang='lat' dir='ltr'>legem</span> <span class='ocrx_word' id='word_1_39' title='bbox 319 1004 408 1082; x_wconf 89' lang='lat' dir='ltr'>probe</span> <span class='ocrx_word' id='word_1_40' title='bbox 440 1004 631 1062; x_wconf 84' lang='lat' dir='ltr'>observarent</span> <span class='ocrx_word' id='word_1_41' title='bbox 659 1000 819 1060; x_wconf 74' lang='lat' dir='ltr'>Israelitae.</span> <span class='ocrx_word' id='word_1_42' title='bbox 865 1003 910 1059; x_wconf 91' lang='lat' dir='ltr'>De</span> <span class='ocrx_word' id='word_1_43' title='bbox 937 1000 1017 1059; x_wconf 90' lang='lat' dir='ltr'>coitu</span> <span class='ocrx_word' id='word_1_44' title='bbox 1046 1001 1176 1059; x_wconf 86' lang='lat' dir='ltr'>durante</span> <span class='ocrx_word' id='word_1_45' title='bbox 1196 1000 1289 1061; x_wconf 83' lang='lat' dir='ltr'>meu-</span> 
     </span>
     <span class='ocr_line' id='line_1_7' title="bbox 194 1104 1282 1193; baseline -0.002 -27"><span class='ocrx_word' id='word_1_46' title='bbox 194 1108 362 1167; x_wconf 85' lang='lat' dir='ltr'>struatioue</span> <span class='ocrx_word' id='word_1_47' title='bbox 390 1107 476 1184; x_wconf 86' lang='lat' dir='ltr'>vulgi</span> <span class='ocrx_word' id='word_1_48' title='bbox 500 1105 657 1183; x_wconf 80' lang='lat' dir='ltr'>opiniones</span> <span class='ocrx_word' id='word_1_49' title='bbox 675 1104 756 1164; x_wconf 87' lang='lat' dir='ltr'>haud</span> <span class='ocrx_word' id='word_1_50' title='bbox 769 1106 941 1193; x_wconf 85' lang='lat' dir='ltr'>pauciores,</span> <span class='ocrx_word' id='word_1_51' title='bbox 964 1125 1055 1187; x_wconf 84' lang='lat' dir='ltr'>quam</span> <span class='ocrx_word' id='word_1_52' title='bbox 1074 1104 1111 1163; x_wconf 89' lang='lat' dir='ltr'>de</span> <span class='ocrx_word' id='word_1_53' title='bbox 1126 1115 1282 1165; x_wconf 77' lang='lat' dir='ltr'>venenata</span> 
     </span>
     <span class='ocr_line' id='line_1_8' title="bbox 193 1208 1280 1290; baseline -0.001 -21"><span class='ocrx_word' id='word_1_54' title='bbox 193 1212 288 1290; x_wconf 88' lang='lat' dir='ltr'>ipsius</span> <span class='ocrx_word' id='word_1_55' title='bbox 308 1212 400 1287; x_wconf 83' lang='lat' dir='ltr'>hujus</span> <span class='ocrx_word' id='word_1_56' title='bbox 417 1209 569 1289; x_wconf 79' lang='lat' dir='ltr'>sanguinis</span> <span class='ocrx_word' id='word_1_57' title='bbox 585 1219 695 1268; x_wconf 85' lang='lat' dir='ltr'>natura</span> <span class='ocrx_word' id='word_1_58' title='bbox 716 1211 849 1268; x_wconf 87' lang='lat' dir='ltr'>suerunt.</span> <span class='ocrx_word' id='word_1_59' title='bbox 888 1208 991 1268; x_wconf 75' lang='lat' dir='ltr'>Norae</span> <span class='ocrx_word' id='word_1_60' title='bbox 1007 1229 1045 1267; x_wconf 83' lang='lat' dir='ltr'>ex</span> <span class='ocrx_word' id='word_1_61' title='bbox 1064 1209 1119 1266; x_wconf 88' lang='lat' dir='ltr'>tali</span> <span class='ocrx_word' id='word_1_62' title='bbox 1138 1209 1226 1268; x_wconf 88' lang='lat' dir='ltr'>coitu</span> <span class='ocrx_word' id='word_1_63' title='bbox 1233 1209 1280 1269; x_wconf 83' lang='lat' dir='ltr'>vel</span> 
     </span>
     <span class='ocr_line' id='line_1_9' title="bbox 194 1311 1276 1391; baseline -0.004 -16"><span class='ocrx_word' id='word_1_64' title='bbox 194 1317 327 1391; x_wconf 84' lang='lat' dir='ltr'>foetum,</span> <span class='ocrx_word' id='word_1_65' title='bbox 351 1316 400 1375; x_wconf 85' lang='lat' dir='ltr'>vel</span> <span class='ocrx_word' id='word_1_66' title='bbox 431 1316 535 1375; x_wconf 86' lang='lat' dir='ltr'>virum</span> <span class='ocrx_word' id='word_1_67' title='bbox 556 1314 755 1374; x_wconf 83' lang='lat' dir='ltr'>loemiuamve</span> <span class='ocrx_word' id='word_1_68' title='bbox 774 1323 916 1391; x_wconf 85' lang='lat' dir='ltr'>spectant.</span> <span class='ocrx_word' id='word_1_69' title='bbox 957 1311 1004 1372; x_wconf 83' lang='lat' dir='ltr'>Ex</span> <span class='ocrx_word' id='word_1_70' title='bbox 1019 1311 1072 1373; x_wconf 81' lang='lat' dir='ltr'>uti</span> <span class='ocrx_word' id='word_1_71' title='bbox 1085 1313 1175 1372; x_wconf 90' lang='lat' dir='ltr'>coitu</span> <span class='ocrx_word' id='word_1_72' title='bbox 1192 1313 1276 1371; x_wconf 89' lang='lat' dir='ltr'>luna·</span> 
     </span>
     <span class='ocr_line' id='line_1_10' title="bbox 195 1417 1275 1497; baseline -0.004 -17"><span class='ocrx_word' id='word_1_73' title='bbox 195 1420 288 1492; x_wconf 87' lang='lat' dir='ltr'>ticos,</span> <span class='ocrx_word' id='word_1_74' title='bbox 312 1419 441 1497; x_wconf 91' lang='lat' dir='ltr'>leprosos</span> <span class='ocrx_word' id='word_1_75' title='bbox 450 1465 459 1494; x_wconf 93' lang='lat'>,</span> <span class='ocrx_word' id='word_1_76' title='bbox 481 1418 628 1477; x_wconf 86' lang='lat' dir='ltr'>maleficos</span> <span class='ocrx_word' id='word_1_77' title='bbox 648 1428 678 1477; x_wconf 91' lang='lat' dir='ltr'>et</span> <span class='ocrx_word' id='word_1_78' title='bbox 696 1417 854 1477; x_wconf 87' lang='lat' dir='ltr'>obliviosos</span> <span class='ocrx_word' id='word_1_79' title='bbox 873 1417 1003 1475; x_wconf 86' lang='lat' dir='ltr'>infantes</span> <span class='ocrx_word' id='word_1_80' title='bbox 1020 1417 1103 1475; x_wconf 90' lang='lat' dir='ltr'>nasci</span> <span class='ocrx_word' id='word_1_81' title='bbox 1120 1417 1209 1475; x_wconf 78' lang='lat' dir='ltr'>facile</span> <span class='ocrx_word' id='word_1_82' title='bbox 1217 1437 1275 1476; x_wconf 88' lang='lat' dir='ltr'>cre-</span> 
     </span>
     <span class='ocr_line' id='line_1_11' title="bbox 196 1522 1274 1602; baseline -0.001 -19"><span class='ocrx_word' id='word_1_83' title='bbox 196 1525 322 1599; x_wconf 83' lang='lat' dir='ltr'>debant,</span> <span class='ocrx_word' id='word_1_84' title='bbox 346 1524 401 1602; x_wconf 91' lang='lat' dir='ltr'>qui</span> <span class='ocrx_word' id='word_1_85' title='bbox 421 1544 459 1582; x_wconf 84' lang='lat' dir='ltr'>ex</span> <span class='ocrx_word' id='word_1_86' title='bbox 476 1534 606 1583; x_wconf 91' lang='lat' dir='ltr'>assumto</span> <span class='ocrx_word' id='word_1_87' title='bbox 636 1523 777 1601; x_wconf 86' lang='lat' dir='ltr'>sanguine</span> <span class='ocrx_word' id='word_1_88' title='bbox 797 1522 972 1581; x_wconf 89' lang='lat' dir='ltr'>menstruali</span> <span class='ocrx_word' id='word_1_89' title='bbox 989 1522 1061 1580; x_wconf 86' lang='lat' dir='ltr'>tales</span> <span class='ocrx_word' id='word_1_90' title='bbox 1080 1522 1197 1601; x_wconf 81' lang='lat' dir='ltr'>morbos</span> <span class='ocrx_word' id='word_1_91' title='bbox 1217 1523 1274 1583; x_wconf 87' lang='lat' dir='ltr'>ori·</span> 
     </span>
     <span class='ocr_line' id='line_1_12' title="bbox 195 1626 1273 1709; baseline -0.001 -22"><span class='ocrx_word' id='word_1_92' title='bbox 195 1628 225 1687; x_wconf 87' lang='lat' dir='ltr'>ri</span> <span class='ocrx_word' id='word_1_93' title='bbox 244 1628 390 1708; x_wconf 86' lang='lat' dir='ltr'>putabant</span> <span class='ocrx_word' id='word_1_94' title='bbox 407 1627 465 1709; x_wconf 84' lang='lat'><strong>(1).</strong></span> <span class='ocrx_word' id='word_1_95' title='bbox 505 1628 567 1690; x_wconf 84' lang='lat' dir='ltr'>Alii</span> <span class='ocrx_word' id='word_1_96' title='bbox 585 1648 623 1687; x_wconf 84' lang='lat' dir='ltr'>ex</span> <span class='ocrx_word' id='word_1_97' title='bbox 642 1626 696 1686; x_wconf 85' lang='lat' dir='ltr'>tali</span> <span class='ocrx_word' id='word_1_98' title='bbox 718 1626 921 1706; x_wconf 81' lang='lat' dir='ltr'>copulatione,</span> <span class='ocrx_word' id='word_1_99' title='bbox 948 1627 972 1684; x_wconf 92' lang='lat' dir='ltr'>si</span> <span class='ocrx_word' id='word_1_100' title='bbox 996 1626 1107 1685; x_wconf 88' lang='lat' dir='ltr'>mulier</span> <span class='ocrx_word' id='word_1_101' title='bbox 1118 1628 1273 1706; x_wconf 84' lang='lat' dir='ltr'>concipiat,</span> 
     </span>
     <span class='ocr_line' id='line_1_13' title="bbox 196 1730 1275 1811; baseline 0.002 -22"><span class='ocrx_word' id='word_1_102' title='bbox 196 1739 352 1810; x_wconf 88' lang='lat' dir='ltr'>conceptos</span> <span class='ocrx_word' id='word_1_103' title='bbox 373 1731 450 1789; x_wconf 89' lang='lat' dir='ltr'>effici</span> <span class='ocrx_word' id='word_1_104' title='bbox 469 1731 593 1790; x_wconf 87' lang='lat' dir='ltr'>vitiosos</span> <span class='ocrx_word' id='word_1_105' title='bbox 609 1731 727 1791; x_wconf 84' lang='lat' dir='ltr'>delectu</span> <span class='ocrx_word' id='word_1_106' title='bbox 746 1730 885 1801; x_wconf 90' lang='lat' dir='ltr'>membri,</span> <span class='ocrx_word' id='word_1_107' title='bbox 910 1740 946 1789; x_wconf 88' lang='lat' dir='ltr'>ut</span> <span class='ocrx_word' id='word_1_108' title='bbox 957 1732 1059 1810; x_wconf 84' lang='lat' dir='ltr'>digiti,</span> <span class='ocrx_word' id='word_1_109' title='bbox 1083 1732 1132 1789; x_wconf 87' lang='lat' dir='ltr'>vel</span> <span class='ocrx_word' id='word_1_110' title='bbox 1145 1733 1275 1811; x_wconf 86' lang='lat' dir='ltr'>privatos</span> 
     </span>
     <span class='ocr_line' id='line_1_14' title="bbox 195 1835 1277 1920; baseline -0.002 -24"><span class='ocrx_word' id='word_1_111' title='bbox 195 1837 265 1897; x_wconf 81' lang='lat' dir='ltr'>visu</span> <span class='ocrx_word' id='word_1_112' title='bbox 286 1846 342 1896; x_wconf 86' lang='lat' dir='ltr'>etc.</span> <span class='ocrx_word' id='word_1_113' title='bbox 362 1847 510 1916; x_wconf 87' lang='lat' dir='ltr'>putarunt</span> <span class='ocrx_word' id='word_1_114' title='bbox 531 1837 589 1920; x_wconf 77' lang='lat'>(2),</span> <span class='ocrx_word' id='word_1_115' title='bbox 628 1837 669 1896; x_wconf 89' lang='lat' dir='ltr'>Et</span> <span class='ocrx_word' id='word_1_116' title='bbox 690 1837 798 1895; x_wconf 87' lang='lat' dir='ltr'>nostris</span> <span class='ocrx_word' id='word_1_117' title='bbox 819 1835 909 1894; x_wconf 87' lang='lat' dir='ltr'>etiam</span> <span class='ocrx_word' id='word_1_118' title='bbox 934 1835 1132 1914; x_wconf 83' lang='lat' dir='ltr'>temporibus,</span> <span class='ocrx_word' id='word_1_119' title='bbox 1156 1856 1196 1895; x_wconf 82' lang='lat' dir='ltr'>ex</span> <span class='ocrx_word' id='word_1_120' title='bbox 1227 1837 1277 1897; x_wconf 89' lang='lat' dir='ltr'>tali</span> 
     </span>
     <span class='ocr_line' id='line_1_15' title="bbox 196 1938 1276 2021; baseline 0.001 -21"><span class='ocrx_word' id='word_1_121' title='bbox 196 1941 278 2000; x_wconf 87' lang='lat' dir='ltr'>coitu</span> <span class='ocrx_word' id='word_1_122' title='bbox 310 1942 394 2001; x_wconf 83' lang='lat' dir='ltr'>culos</span> <span class='ocrx_word' id='word_1_123' title='bbox 424 1942 594 2020; x_wconf 86' lang='lat' dir='ltr'>procreari,</span> <span class='ocrx_word' id='word_1_124' title='bbox 632 1942 715 2019; x_wconf 84' lang='lat' dir='ltr'>vulgi</span> <span class='ocrx_word' id='word_1_125' title='bbox 742 1949 786 1999; x_wconf 87' lang='lat' dir='ltr'>est</span> <span class='ocrx_word' id='word_1_126' title='bbox 805 1939 908 2017; x_wconf 90' lang='lat' dir='ltr'>opinio</span> <span class='ocrx_word' id='word_1_127' title='bbox 930 1939 1085 1999; x_wconf 88' lang='lat' dir='ltr'>notissima</span> <span class='ocrx_word' id='word_1_128' title='bbox 1104 1938 1162 2021; x_wconf 78' lang='lat'><strong>(3).</strong></span> <span class='ocrx_word' id='word_1_129' title='bbox 1205 1941 1276 2001; x_wconf 83' lang='lat' dir='ltr'>Haec</span> 
     </span>
     <span class='ocr_line' id='line_1_16' title="bbox 147 2043 1278 2127; baseline -0.001 -21"><span class='ocrx_word' id='word_1_130' title='bbox 147 2064 149 2070; x_wconf 84' lang='grc'><strong>’</strong></span> <span class='ocrx_word' id='word_1_131' title='bbox 196 2047 316 2123; x_wconf 86' lang='lat' dir='ltr'>omnia,</span> <span class='ocrx_word' id='word_1_132' title='bbox 339 2068 408 2106; x_wconf 89' lang='lat' dir='ltr'>cum</span> <span class='ocrx_word' id='word_1_133' title='bbox 439 2047 533 2105; x_wconf 88' lang='lat' dir='ltr'>nullis</span> <span class='ocrx_word' id='word_1_134' title='bbox 560 2046 743 2127; x_wconf 84' lang='lat' dir='ltr'>argumentis</span> <span class='ocrx_word' id='word_1_135' title='bbox 759 2044 822 2104; x_wconf 90' lang='lat' dir='ltr'>sint</span> <span class='ocrx_word' id='word_1_136' title='bbox 846 2043 1054 2127; x_wconf 79' lang='lat' dir='ltr'>comprobata,</span> <span class='ocrx_word' id='word_1_137' title='bbox 1076 2043 1209 2104; x_wconf 79' lang='lat' dir='ltr'>refutare</span> <span class='ocrx_word' id='word_1_138' title='bbox 1219 2065 1278 2105; x_wconf 92' lang='lat' dir='ltr'>non</span> 
     </span>
     <span class='ocr_line' id='line_1_17' title="bbox 195 2146 1279 2228; baseline 0 -19"><span class='ocrx_word' id='word_1_139' title='bbox 195 2151 346 2210; x_wconf 87' lang='lat' dir='ltr'>conabor:</span> <span class='ocrx_word' id='word_1_140' title='bbox 367 2149 431 2228; x_wconf 88' lang='lat' dir='ltr'>ipsa</span> <span class='ocrx_word' id='word_1_141' title='bbox 446 2150 604 2209; x_wconf 85' lang='lat' dir='ltr'>diversitas</span> <span class='ocrx_word' id='word_1_142' title='bbox 623 2148 787 2217; x_wconf 85' lang='lat' dir='ltr'>malorum,</span> <span class='ocrx_word' id='word_1_143' title='bbox 813 2167 904 2225; x_wconf 84' lang='lat' dir='ltr'>quae,</span> <span class='ocrx_word' id='word_1_144' title='bbox 930 2146 1119 2227; x_wconf 80' lang='lat' dir='ltr'>quisquepro</span> <span class='ocrx_word' id='word_1_145' title='bbox 1130 2148 1279 2209; x_wconf 85' lang='lat' dir='ltr'>suatheo·</span> 
     </span>
     <span class='ocr_line' id='line_1_18' title="bbox 196 2252 1282 2332; baseline -0.003 -17"><span class='ocrx_word' id='word_1_146' title='bbox 196 2254 265 2330; x_wconf 83' lang='lat' dir='ltr'>ria,</span> <span class='ocrx_word' id='word_1_147' title='bbox 287 2254 359 2313; x_wconf 89' lang='lat' dir='ltr'>huic</span> <span class='ocrx_word' id='word_1_148' title='bbox 383 2254 477 2312; x_wconf 88' lang='lat' dir='ltr'>coitui</span> <span class='ocrx_word' id='word_1_149' title='bbox 503 2253 725 2332; x_wconf 86' lang='lat' dir='ltr'>adscripserunt</span> <span class='ocrx_word' id='word_1_150' title='bbox 751 2262 901 2322; x_wconf 86' lang='lat' dir='ltr'>auctores,</span> <span class='ocrx_word' id='word_1_151' title='bbox 933 2252 1051 2312; x_wconf 87' lang='lat' dir='ltr'>abunde</span> <span class='ocrx_word' id='word_1_152' title='bbox 1072 2253 1197 2332; x_wconf 85' lang='lat' dir='ltr'>probat,</span> <span class='ocrx_word' id='word_1_153' title='bbox 1220 2276 1282 2321; x_wconf 73' lang='lat' dir='ltr'>orn-</span> 
     </span>
    </p>
   </div>
   <div class='ocr_carea' id='block_1_3' title="bbox 196 2338 1281 2538">
    <p class='ocr_par' dir='ltr' id='par_1_3' title="bbox 196 2338 1281 2538">
     <span class='ocr_line' id='line_1_19' title="bbox 196 2338 1281 2439; baseline 0.001 -21"><span class='ocrx_word' id='word_1_154' title='bbox 196 2380 250 2418; x_wconf 88' lang='lat' dir='ltr'>nes</span> <span class='ocrx_word' id='word_1_155' title='bbox 261 2358 432 2436; x_wconf 89' lang='lat' dir='ltr'>opinionem</span> <span class='ocrx_word' id='word_1_156' title='bbox 455 2357 491 2415; x_wconf 88' lang='lat' dir='ltr'>de</span> <span class='ocrx_word' id='word_1_157' title='bbox 512 2358 590 2417; x_wconf 85' lang='lat' dir='ltr'>malo</span> <span class='ocrx_word' id='word_1_158' title='bbox 618 2356 748 2435; x_wconf 90' lang='lat' dir='ltr'>quodam</span> <span class='ocrx_word' id='word_1_159' title='bbox 764 2375 803 2414; x_wconf 86' lang='lat' dir='ltr'>ex</span> <span class='ocrx_word' id='word_1_160' title='bbox 821 2355 879 2414; x_wconf 88' lang='lat' dir='ltr'>hoc</span> <span class='ocrx_word' id='word_1_161' title='bbox 899 2338 981 2415; x_wconf 84' lang='lat' dir='ltr'>coitu</span> <span class='ocrx_word' id='word_1_162' title='bbox 999 2357 1128 2416; x_wconf 91' lang='lat' dir='ltr'>oriundo</span> <span class='ocrx_word' id='word_1_163' title='bbox 1148 2361 1281 2439; x_wconf 79' lang='lat' dir='ltr'>praeloc-</span> 
     </span>
     <span class='ocr_line' id='line_1_20' title="bbox 197 2449 1281 2538; baseline 0.002 -17"><span class='ocrx_word' id='word_1_164' title='bbox 197 2471 309 2521; x_wconf 86' lang='lat' dir='ltr'>matam</span> <span class='ocrx_word' id='word_1_165' title='bbox 330 2462 467 2520; x_wconf 90' lang='lat' dir='ltr'>habuisse</span> <span class='ocrx_word' id='word_1_166' title='bbox 476 2507 485 2536; x_wconf 88' lang='lat'>,</span> <span class='ocrx_word' id='word_1_167' title='bbox 506 2461 577 2519; x_wconf 88' lang='lat' dir='ltr'>dein</span> <span class='ocrx_word' id='word_1_168' title='bbox 593 2461 684 2519; x_wconf 86' lang='lat' dir='ltr'>etiam</span> <span class='ocrx_word' id='word_1_169' title='bbox 702 2459 791 2518; x_wconf 87' lang='lat' dir='ltr'>sacile</span> <span class='ocrx_word' id='word_1_170' title='bbox 807 2459 926 2538; x_wconf 86' lang='lat' dir='ltr'>aliquid</span> <span class='ocrx_word' id='word_1_171' title='bbox 941 2449 978 2525; x_wconf 83' lang='lat' dir='ltr'>de</span> <span class='ocrx_word' id='word_1_172' title='bbox 999 2459 1092 2537; x_wconf 88' lang='lat' dir='ltr'>hujus</span> <span class='ocrx_word' id='word_1_173' title='bbox 1108 2461 1180 2519; x_wconf 89' lang='lat' dir='ltr'>mali</span> <span class='ocrx_word' id='word_1_174' title='bbox 1190 2471 1281 2523; x_wconf 87' lang='lat' dir='ltr'>natu-</span> 
     </span>
    </p>
   </div>
   <div class='ocr_carea' id='block_1_4' title="bbox 196 2563 1298 3271">
    <p class='ocr_par' dir='ltr' id='par_1_4' title="bbox 196 2563 1298 3271">
     <span class='ocr_line' id='line_1_21' title="bbox 196 2563 1281 2643; baseline -0.001 -17"><span class='ocrx_word' id='word_1_175' title='bbox 196 2586 233 2627; x_wconf 87' lang='lat' dir='ltr'>ra</span> <span class='ocrx_word' id='word_1_176' title='bbox 260 2565 448 2643; x_wconf 83' lang='lat' dir='ltr'>excogitasse.</span> <span class='ocrx_word' id='word_1_177' title='bbox 490 2566 553 2624; x_wconf 89' lang='lat' dir='ltr'>Alii</span> <span class='ocrx_word' id='word_1_178' title='bbox 584 2566 673 2625; x_wconf 85' lang='lat' dir='ltr'>luisse</span> <span class='ocrx_word' id='word_1_179' title='bbox 696 2563 856 2638; x_wconf 83' lang='lat' dir='ltr'>videntur,</span> <span class='ocrx_word' id='word_1_180' title='bbox 890 2564 945 2642; x_wconf 90' lang='lat' dir='ltr'>qui</span> <span class='ocrx_word' id='word_1_181' title='bbox 966 2563 1188 2641; x_wconf 88' lang='lat' dir='ltr'>copulationem</span> <span class='ocrx_word' id='word_1_182' title='bbox 1213 2586 1281 2627; x_wconf 89' lang='lat' dir='ltr'>cum</span> 
     </span>
     <span class='ocr_line' id='line_1_22' title="bbox 198 2665 1283 2750; baseline -0.003 -20"><span class='ocrx_word' id='word_1_183' title='bbox 198 2677 382 2730; x_wconf 84' lang='lat' dir='ltr'>menstruata</span> <span class='ocrx_word' id='word_1_184' title='bbox 409 2688 530 2747; x_wconf 85' lang='lat' dir='ltr'>prorsus</span> <span class='ocrx_word' id='word_1_185' title='bbox 554 2665 764 2729; x_wconf 80' lang='lat' dir='ltr'>infoecundam</span> <span class='ocrx_word' id='word_1_186' title='bbox 787 2687 848 2726; x_wconf 84' lang='lat' dir='ltr'>esse</span> <span class='ocrx_word' id='word_1_187' title='bbox 871 2667 935 2750; x_wconf 51' lang='lat' dir='ltr'>(3ss</span> <span class='ocrx_word' id='word_1_188' title='bbox 957 2666 1157 2726; x_wconf 90' lang='lat' dir='ltr'>crediderint:</span> <span class='ocrx_word' id='word_1_189' title='bbox 1180 2669 1283 2729; x_wconf 86' lang='lat' dir='ltr'>sedet</span> 
     </span>
     <span class='ocr_line' id='line_1_23' title="bbox 198 2771 1281 2853; baseline 0 -20"><span class='ocrx_word' id='word_1_190' title='bbox 198 2773 232 2833; x_wconf 90' lang='lat' dir='ltr'>hi</span> <span class='ocrx_word' id='word_1_191' title='bbox 250 2781 425 2853; x_wconf 83' lang='lat' dir='ltr'>argumenta</span> <span class='ocrx_word' id='word_1_192' title='bbox 442 2773 605 2850; x_wconf 83' lang='lat' dir='ltr'>omittunt,</span> <span class='ocrx_word' id='word_1_193' title='bbox 627 2793 795 2852; x_wconf 84' lang='lat' dir='ltr'>eorumque</span> <span class='ocrx_word' id='word_1_194' title='bbox 814 2771 949 2853; x_wconf 88' lang='lat' dir='ltr'>opinioni</span> <span class='ocrx_word' id='word_1_195' title='bbox 962 2772 1139 2832; x_wconf 86' lang='lat' dir='ltr'>adversatur</span> <span class='ocrx_word' id='word_1_196' title='bbox 1153 2772 1281 2833; x_wconf 89' lang='lat' dir='ltr'>aliorum</span> 
     </span>
     <span class='ocr_line' id='line_1_24' title="bbox 198 2878 1278 2959; baseline 0.003 -23"><span class='ocrx_word' id='word_1_197' title='bbox 198 2878 350 2959; x_wconf 88' lang='lat' dir='ltr'>opinione,</span> <span class='ocrx_word' id='word_1_198' title='bbox 375 2878 430 2956; x_wconf 77' lang='lat' dir='ltr'>q&#39;ui</span> <span class='ocrx_word' id='word_1_199' title='bbox 450 2879 653 2954; x_wconf 85' lang='lat' dir='ltr'>contendunt,</span> <span class='ocrx_word' id='word_1_200' title='bbox 676 2880 834 2940; x_wconf 81' lang='lat' dir='ltr'>mulierem</span> <span class='ocrx_word' id='word_1_201' title='bbox 851 2878 1059 2937; x_wconf 85' lang='lat' dir='ltr'>tantummodo</span> <span class='ocrx_word' id='word_1_202' title='bbox 1076 2899 1110 2936; x_wconf 87' lang='lat' dir='ltr'>eo</span> <span class='ocrx_word' id='word_1_203' title='bbox 1128 2887 1278 2959; x_wconf 85' lang='lat' dir='ltr'>tempore,</span> 
     </span>
     <span class='ocr_line' id='line_1_25' title="bbox 200 2980 1298 3063; baseline -0.001 -20"><span class='ocrx_word' id='word_1_204' title='bbox 200 3003 262 3063; x_wconf 91' lang='lat' dir='ltr'>quo</span> <span class='ocrx_word' id='word_1_205' title='bbox 277 2985 394 3063; x_wconf 87' lang='lat' dir='ltr'>sanguis</span> <span class='ocrx_word' id='word_1_206' title='bbox 408 2994 581 3044; x_wconf 86' lang='lat' dir='ltr'>menstruus</span> <span class='ocrx_word' id='word_1_207' title='bbox 598 2985 737 3044; x_wconf 90' lang='lat' dir='ltr'>collectus</span> <span class='ocrx_word' id='word_1_208' title='bbox 758 2983 899 3042; x_wconf 85' lang='lat' dir='ltr'>fluxurus</span> <span class='ocrx_word' id='word_1_209' title='bbox 919 2991 978 3054; x_wconf 90' lang='lat' dir='ltr'>est,</span> <span class='ocrx_word' id='word_1_210' title='bbox 1003 2980 1040 3040; x_wconf 82' lang='lat' dir='ltr'>ad</span> <span class='ocrx_word' id='word_1_211' title='bbox 1059 2981 1298 3063; x_wconf 85' lang='lat' dir='ltr'>conceptionem¹</span> 
     </span>
     <span class='ocr_line' id='line_1_26' title="bbox 198 3088 1283 3169; baseline 0.006 -25"><span class='ocrx_word' id='word_1_212' title='bbox 198 3097 298 3168; x_wconf 84' lang='lat' dir='ltr'>aptam</span> <span class='ocrx_word' id='word_1_213' title='bbox 308 3108 387 3164; x_wconf 91' lang='lat' dir='ltr'>esse,</span> <span class='ocrx_word' id='word_1_214' title='bbox 401 3088 595 3167; x_wconf 88' lang='lat' dir='ltr'>quamobrem</span> <span class='ocrx_word' id='word_1_215' title='bbox 604 3089 695 3149; x_wconf 87' lang='lat' dir='ltr'>etiam</span> <span class='ocrx_word' id='word_1_216' title='bbox 706 3089 805 3148; x_wconf 88' lang='lat' dir='ltr'>rarius</span> <span class='ocrx_word' id='word_1_217' title='bbox 814 3090 953 3148; x_wconf 88' lang='lat' dir='ltr'>mulieres</span> <span class='ocrx_word' id='word_1_218' title='bbox 966 3088 1167 3167; x_wconf 86' lang='lat' dir='ltr'>conciperent,</span> <span class='ocrx_word' id='word_1_219' title='bbox 1191 3108 1283 3169; x_wconf 84' lang='lat' dir='ltr'>quam</span> 
     </span>
     <span class='ocr_line' id='line_1_27' title="bbox 198 3190 1281 3271; baseline 0.004 -21"><span class='ocrx_word' id='word_1_220' title='bbox 198 3202 314 3250; x_wconf 87' lang='lat' dir='ltr'>caetera</span> <span class='ocrx_word' id='word_1_221' title='bbox 333 3190 494 3267; x_wconf 86' lang='lat' dir='ltr'>animalia,</span> <span class='ocrx_word' id='word_1_222' title='bbox 519 3200 622 3271; x_wconf 83' lang='lat' dir='ltr'>utpote</span> <span class='ocrx_word' id='word_1_223' title='bbox 642 3200 714 3251; x_wconf 80' lang='lat' dir='ltr'>tnnc</span> <span class='ocrx_word' id='word_1_224' title='bbox 734 3214 752 3250; x_wconf 89' lang='lat' dir='ltr'>a</span> <span class='ocrx_word' id='word_1_225' title='bbox 771 3195 906 3253; x_wconf 86' lang='lat' dir='ltr'>virorum</span> <span class='ocrx_word' id='word_1_226' title='bbox 917 3192 1065 3251; x_wconf 86' lang='lat' dir='ltr'>consortio</span> <span class='ocrx_word' id='word_1_227' title='bbox 1077 3193 1209 3253; x_wconf 84' lang='lat' dir='ltr'>maxime</span> <span class='ocrx_word' id='word_1_228' title='bbox 1217 3192 1281 3254; x_wconf 88' lang='lat' dir='ltr'>abs</span> 
     </span>
    </p>
   </div>
   <div class='ocr_carea' id='block_1_5' title="bbox 193 3366 417 3380">
    <p class='ocr_par' dir='ltr' id='par_1_5' title="bbox 193 3366 417 3380">
     <span class='ocr_line' id='line_1_28' title="bbox 193 3366 417 3380; baseline 0.009 -3"><span class='ocrx_word' id='word_1_229' title='bbox 193 3366 417 3380; x_wconf 46' lang='grc' dir='ltr'><strong>Μ..-</strong></span> 
     </span>
    </p>
   </div>
   <div class='ocr_carea' id='block_1_6' title="bbox 198 3457 1282 3764">
    <p class='ocr_par' dir='ltr' id='par_1_6' title="bbox 198 3457 1278 3679">
     <span class='ocr_line' id='line_1_29' title="bbox 229 3457 1257 3519; baseline 0.001 -18"><span class='ocrx_word' id='word_1_230' title='bbox 229 3457 262 3517; x_wconf 90' lang='lat' dir='ltr'>(l)</span> <span class='ocrx_word' id='word_1_231' title='bbox 279 3459 316 3502; x_wconf 83' lang='lat' dir='ltr'>Cf.</span> <span class='ocrx_word' id='word_1_232' title='bbox 331 3461 431 3502; x_wconf 81' lang='lat' dir='ltr'>Scaunro</span> <span class='ocrx_word' id='word_1_233' title='bbox 439 3490 446 3509; x_wconf 94' lang='lat'>,</span> <span class='ocrx_word' id='word_1_234' title='bbox 464 3459 645 3515; x_wconf 80' lang='lat' dir='ltr'>Parthenologia.</span> <span class='ocrx_word' id='word_1_235' title='bbox 661 3459 733 3500; x_wconf 85' lang='lat' dir='ltr'>Sectio</span> <span class='ocrx_word' id='word_1_236' title='bbox 746 3460 779 3501; x_wconf 92' lang='lat'>11.</span> <span class='ocrx_word' id='word_1_237' title='bbox 793 3472 843 3515; x_wconf 87' lang='lat' dir='ltr'>cap.</span> <span class='ocrx_word' id='word_1_238' title='bbox 857 3460 900 3502; x_wconf 74' lang='grc' dir='ltr'>ΧΓ.</span> <span class='ocrx_word' id='word_1_239' title='bbox 915 3462 927 3514; x_wconf 65' lang='lat'><strong>5</strong></span> <span class='ocrx_word' id='word_1_240' title='bbox 940 3461 962 3502; x_wconf 86' lang='grc'>6.</span> <span class='ocrx_word' id='word_1_241' title='bbox 1140 3511 1145 3517; x_wconf 93' lang='lat'>.</span> <span class='ocrx_word' id='word_1_242' title='bbox 1253 3512 1257 3519; x_wconf 33' lang='grc' dir='ltr'>Ι</span> 
     </span>
     <span class='ocr_line' id='line_1_30' title="bbox 198 3522 1278 3600; baseline 0.005 -18"><span class='ocrx_word' id='word_1_243' title='bbox 198 3522 201 3529; x_wconf 38' lang='lat'><strong>¹</strong></span> <span class='ocrx_word' id='word_1_244' title='bbox 229 3539 262 3598; x_wconf 81' lang='lat'>(2)</span> <span class='ocrx_word' id='word_1_245' title='bbox 279 3543 392 3584; x_wconf 62' lang='lat' dir='ltr'>Miconas.</span> <span class='ocrx_word' id='word_1_246' title='bbox 414 3542 479 3583; x_wconf 67' lang='lat' dir='ltr'>sion</span> <span class='ocrx_word' id='word_1_247' title='bbox 493 3541 581 3582; x_wconf 81' lang='lat' dir='ltr'>Secreta</span> <span class='ocrx_word' id='word_1_248' title='bbox 593 3547 695 3582; x_wconf 82' lang='lat' dir='ltr'>naturae.</span> <span class='ocrx_word' id='word_1_249' title='bbox 710 3540 762 3582; x_wconf 90' lang='lat' dir='ltr'>Lib.</span> <span class='ocrx_word' id='word_1_250' title='bbox 776 3539 863 3596; x_wconf 68' lang='lat' dir='ltr'>cap.‚7.</span> <span class='ocrx_word' id='word_1_251' title='bbox 884 3524 1089 3595; x_wconf 43' lang='lat' dir='ltr'>Argentorslbbl&#39;.</span> <span class='ocrx_word' id='word_1_252' title='bbox 1109 3544 1161 3585; x_wconf 79' lang='lat' dir='ltr'>svo.</span> <span class='ocrx_word' id='word_1_253' title='bbox 1184 3559 1208 3600; x_wconf 84' lang='lat' dir='ltr'>p.-</span> <span class='ocrx_word' id='word_1_254' title='bbox 1230 3543 1278 3587; x_wconf 72' lang='grc'>229,</span> 
     </span>
     <span class='ocr_line' id='line_1_31' title="bbox 198 3614 557 3679; baseline -0.003 -13"><span class='ocrx_word' id='word_1_255' title='bbox 198 3623 356 3675; x_wconf 67' lang='grc' dir='ltr'>οῐ.Ριεηιι,</span> <span class='ocrx_word' id='word_1_256' title='bbox 371 3625 388 3667; x_wconf 91' lang='lat' dir='ltr'>l.</span> <span class='ocrx_word' id='word_1_257' title='bbox 403 3639 423 3667; x_wconf 89' lang='lat' dir='ltr'>c.</span> <span class='ocrx_word' id='word_1_258' title='bbox 440 3640 463 3679; x_wconf 86' lang='lat' dir='ltr'>p.</span> <span class='ocrx_word' id='word_1_259' title='bbox 480 3623 531 3667; x_wconf 80' lang='lat'>163.</span> <span class='ocrx_word' id='word_1_260' title='bbox 550 3614 557 3626; x_wconf 65' lang='lat'><em>⁶</em></span> 
     </span>
    </p>

    <p class='ocr_par' dir='ltr' id='par_1_7' title="bbox 231 3702 1282 3764">
     <span class='ocr_line' id='line_1_32' title="bbox 231 3702 1282 3764; baseline -0.001 -17"><span class='ocrx_word' id='word_1_261' title='bbox 231 3705 264 3761; x_wconf 71' lang='grc'>[3)</span> <span class='ocrx_word' id='word_1_262' title='bbox 280 3706 393 3749; x_wconf 86' lang='lat' dir='ltr'>Medicum</span> <span class='ocrx_word' id='word_1_263' title='bbox 415 3705 532 3764; x_wconf 85' lang='lat' dir='ltr'>quemdam</span> <span class='ocrx_word' id='word_1_264' title='bbox 553 3704 664 3745; x_wconf 89' lang='lat' dir='ltr'>rusticum</span> <span class='ocrx_word' id='word_1_265' title='bbox 681 3703 748 3745; x_wconf 85' lang='lat' dir='ltr'>etism</span> <span class='ocrx_word' id='word_1_266' title='bbox 768 3703 827 3744; x_wconf 90' lang='lat' dir='ltr'>hano</span> <span class='ocrx_word' id='word_1_267' title='bbox 848 3702 974 3758; x_wconf 83' lang='lat' dir='ltr'>opinionem</span> <span class='ocrx_word' id='word_1_268' title='bbox 988 3703 1085 3753; x_wconf 82' lang='lat' dir='ltr'>habere,</span> <span class='ocrx_word' id='word_1_269' title='bbox 1107 3711 1188 3747; x_wconf 83' lang='lat' dir='ltr'>narrat</span> <span class='ocrx_word' id='word_1_270' title='bbox 1205 3710 1282 3746; x_wconf 81' lang='lat' dir='ltr'>auctor</span> 
     </span>
    </p>
   </div>
   <div class='ocr_carea' id='block_1_7' title="bbox 167 3783 1294 4008">
    <p class='ocr_par' dir='ltr' id='par_1_8' title="bbox 167 3783 1294 4008">
     <span class='ocr_line' id='line_1_33' title="bbox 197 3783 1294 3844; baseline -0.001 -13"><span class='ocrx_word' id='word_1_271' title='bbox 197 3787 314 3844; x_wconf 83' lang='lat' dir='ltr'>opusculi:</span> <span class='ocrx_word' id='word_1_272' title='bbox 343 3788 502 3836; x_wconf 66' lang='lat' dir='ltr'>monnau,</span> <span class='ocrx_word' id='word_1_273' title='bbox 524 3784 569 3829; x_wconf 91' lang='lat' dir='ltr'>Ein</span> <span class='ocrx_word' id='word_1_274' title='bbox 591 3783 672 3840; x_wconf 63' lang='lat' dir='ltr'>jungor</span> <span class='ocrx_word' id='word_1_275' title='bbox 699 3785 757 3827; x_wconf 81' lang='lat' dir='ltr'>Arzt</span> <span class='ocrx_word' id='word_1_276' title='bbox 782 3802 820 3829; x_wconf 81' lang='lat' dir='ltr'>am</span> <span class='ocrx_word' id='word_1_277' title='bbox 846 3789 1023 3832; x_wconf 76' lang='lat' dir='ltr'>Kranlrenbette.</span> <span class='ocrx_word' id='word_1_278' title='bbox 1051 3790 1191 3840; x_wconf 84' lang='lat' dir='ltr'>Monlleim,</span> <span class='ocrx_word' id='word_1_279' title='bbox 1217 3788 1294 3833; x_wconf 58' lang='lat'><strong>1801:</strong></span> 
     </span>
     <span class='ocr_line' id='line_1_34' title="bbox 198 3867 383 3924; baseline -0.005 -13"><span class='ocrx_word' id='word_1_280' title='bbox 198 3870 243 3912; x_wconf 82' lang='lat' dir='ltr'>m.</span> <span class='ocrx_word' id='word_1_281' title='bbox 261 3870 294 3912; x_wconf 93' lang='lat'>11.</span> <span class='ocrx_word' id='word_1_282' title='bbox 310 3884 332 3924; x_wconf 81' lang='lat' dir='ltr'>p.</span> <span class='ocrx_word' id='word_1_283' title='bbox 348 3867 383 3910; x_wconf 81' lang='lat'>75.</span> 
     </span>
     <span class='ocr_line' id='line_1_35' title="bbox 167 3948 548 4008; baseline -0.005 -14"><span class='ocrx_word' id='word_1_284' title='bbox 167 3948 172 3957; x_wconf 87' lang='lat'>&#39;</span> <span class='ocrx_word' id='word_1_285' title='bbox 229 3949 274 4008; x_wconf 57' lang='grc' dir='ltr'>(δ’)</span> <span class='ocrx_word' id='word_1_286' title='bbox 292 3950 328 3993; x_wconf 84' lang='lat' dir='ltr'>Cf.</span> <span class='ocrx_word' id='word_1_287' title='bbox 346 3951 480 3992; x_wconf 67' lang='lat' dir='ltr'>Musteus.</span> <span class='ocrx_word' id='word_1_288' title='bbox 496 3949 513 3991; x_wconf 91' lang='lat' dir='ltr'>l.</span> <span class='ocrx_word' id='word_1_289' title='bbox 528 3963 548 3992; x_wconf 87' lang='lat' dir='ltr'>c.</span> 
     </span>
    </p>
   </div>
   <div class='ocr_carea' id='block_1_8' title="bbox 0 0 1391 4710">
    <p class='ocr_par' dir='ltr' id='par_1_9' title="bbox 0 0 1391 4710">
     <span class='ocr_line' id='line_1_36' title="bbox 0 0 1391 4710; baseline 0 0"><span class='ocrx_word' id='word_1_290' title='bbox 0 0 1391 4710; x_wconf 95' lang='lat' dir='ltr'> </span> 
     </span>
    </p>
   </div>
  </div>
 </body>
</html>
