2754 4710
581 461 800 520 -158-

146 641 242 680 mores
260 619 434 690 emolliebat,
454 627 608 699 artemque
620 621 762 680 musicam
771 641 840 682 cum
852 621 888 679 iis
898 623 1131 684 communicabat
1138 625 1196 703 ipse,

147 727 197 806 qui
208 731 293 805 pocta
301 724 391 783 fuisse
398 723 549 782 dicebatur
558 723 635 805 (22),
645 725 964 785 eundemvaticinandi
971 736 1035 785 arte
1041 747 1100 785 non
1107 728 1200 787 caruis·

147 852 194 900 se,
212 851 249 890 ex
268 850 302 887 eo
314 840 413 908 patet,
435 829 513 907 qnod
521 829 608 906 juxta
628 828 790 887 Pindarum
811 832 869 910 ipsi
890 832 1025 911 Apollini
1044 827 1204 892 raticinatus

147 946 191 995 est
219 935 350 1008 Chiron,
383 935 479 994 filium
499 934 591 1011 hujus
614 935 778 994 Aristaeum
799 935 837 993 ab
859 934 949 994 Horis
969 945 1000 994 et
1020 934 1098 994 Gaea
1116 935 1204 994 educa·

147 1052 211 1100 tum
240 1042 302 1117 iri,
331 1062 460 1120 eumque
481 1041 681 1099 immortalem
702 1039 837 1098 futurum
858 1051 889 1099 et
909 1049 1050 1099 vocatum
1071 1041 1206 1101 Jovemet
1256 1080 1258 1085 -

147 1146 317 1224 Apollinem
346 1157 376 1205 et
405 1146 537 1225 Agreum
565 1155 595 1204 et
627 1144 769 1204 Nomium
790 1153 820 1202 et
839 1145 1011 1204 Aristaeum
1032 1146 1111 1224 (23).
1149 1146 1206 1206 Erat

146 1242 241 1330 igitur
272 1251 385 1309 Chiron
415 1251 530 1329 sapiens
541 1296 550 1325 ,
581 1247 830 1329 quemadmodum
858 1249 1009 1327 Orpheus,
1047 1249 1206 1328 Melampus,

148 1355 275 1433 aliiqne3
307 1355 419 1414 scilicet
447 1375 507 1412 non
534 1356 629 1413 solum
659 1352 837 1411 medicinam
867 1354 1040 1426 exercebat,
1076 1355 1126 1413 sed
1143 1374 1207 1413 sacra

148 1459 313 1534 tractabat,
352 1459 488 1517 carmina
525 1458 738 1537 componebat,
771 1467 802 1515 et
831 1458 980 1532 ¹vaticinia
1000 1457 1121 1518 edebat:
1149 1478 1207 1539 quae

148 1586 215 1624 cum
245 1565 288 1623 ita
314 1564 394 1640 sint,
424 1563 492 1622 veri
522 1573 567 1621 est
594 1562 709 1632 simile,
734 1561 798 1634 ejus
818 1561 997 1620 medicinam
1017 1563 1109 1622 sacris
1128 1574 1155 1623 et
1171 1564 1209 1621 in-

148 1667 365 1728 cantationibus
395 1668 578 1736 constitisse,
623 1667 734 1744 quibus
763 1665 886 1726 illorum
914 1687 962 1726 aas
992 1669 1109 1729 medica
1136 1668 1208 1727 etiam
1255 1740 1258 1747 Ι

149 1773 310 1833 nitebatur.
353 1772 492 1831 Alterum
520 1779 741 1851 argumentum,
775 1790 835 1848 quo
872 1749 1016 1846 ejusmodi
1046 1771 1136 1831 fuisse
1154 1771 1209 1832 Chi-
1256 1766 1258 1777 '

147 1876 230 1936 renis
258 1875 438 1936 medicinam
475 1874 615 1953 probem,
646 1875 710 1952 ipse
750 1883 817 1952 peto
846 1895 884 1933 er
914 1875 1051 1934 medendi
1090 1877 1206 1950 ratione,

149 2002 208 2061 qua
236 1982 298 2047 sint
329 1981 374 2040 usi
404 1979 548 2059 discipuli
578 1979 659 2056 ejus,
694 1978 746 2057 qni
777 1987 920 2058 tanquam
951 1979 1060 2039 medici
1098 1981 1207 2061 insignes

147 2083 267 2144 Graecis
298 2084 499 2143 habebantur.
542 2083 612 2143 Mox
640 2082 677 2139 de
716 2083 907 2161 Aesculapio,
942 2084 1134 2144 celeberrimo
1159 2085 1208 2162 ejus

145 2188 299 2267 discipulo,
317 2188 438 2266 loquar:
461 2185 511 2245 scd
531 2183 582 2247 hic
603 2184 691 2243 liceat
709 2185 801 2244 verbo
820 2188 1003 2245 mentionem
1023 2188 1120 2247 faeere
1140 2186 1208 2248 Aris·
1248 2178 1251 2183 ¹

146 2292 216 2351 taei.
259 2291 303 2363 Is,
326 2309 442 2370 quum,
466 2290 511 2348 uti
530 2289 743 2348 fabulabantur
761 2298 896 2365 veteres,
921 2290 957 2349 ab
984 2290 1124 2370 Apolline
1142 2300 1209 2371 patre

145 2394 183 2451 ad
212 2393 375 2451 Chironem
404 2392 574 2453 educandus
602 2393 748 2453 adductus
766 2405 842 2452 esset
859 2402 922 2451 eta
945 2395 1034 2453 Musis
1049 2406 1145 2455 artem
1160 2412 1209 2454 me·

145 2498 237 2557 dendi
259 2507 290 2556 et
316 2498 476 2556 divinandi
503 2497 654 2556 didicisset
682 2494 766 2572 (24),
795 2505 826 2554 et
849 2496 886 2554 ad
913 2497 1059 2557 Bacchum
1078 2499 1210 2577 prosectu

146 2600 300 2680 orgiorum
317 2601 468 2679 particeps
486 2608 561 2658 esset
575 2599 688 2674 sactus,
711 2600 862 2678 imprimis
885 2601 997 2660 meruit
1016 2603 1053 2660 de
1073 2603 1211 2664 Bacchan-

145 2705 222 2764 tium
252 2702 427 2764 vulneribus
458 2703 615 2779 curandis,
646 2703 722 2780 quae
749 2724 811 2762 non
828 2705 924 2763 solum
942 2707 1132 2768 extractione
1152 2707 1214 2778 teli,

145 2807 197 2870 vel
216 2805 380 2866 resectione
400 2818 429 2866 et
459 2807 613 2888 sanguinis
633 2806 822 2884 expressione
855 2807 1015 2890 herbisque
1040 2832 1109 2871 cnm
1138 2807 1224 2870 mette

144 2911 333 2992 imponendis
352 2912 492 2986 curavit,
516 2911 566 2970 sed
583 2913 673 2975 etiam
690 2913 813 2991 hymnis
830 2925 860 2974 et
871 2916 1124 2979 incantationibus
1144 2911 1233 3000 (25)·

174 3088 222 3146 (22)
238 3089 319 3131 Pelsus
332 3087 353 3129 ei
366 3087 480 3129 Achillam
494 3085 632 3129 educandum
645 3088 754 3137 adduxit,
771 3101 799 3129 ns
813 3087 908 3130 disceret
920 3090 1112 3134 moresmslorurn
1123 3088 1252 3135 virum*

144 3170 273 3225 (Arainon.
288 3170 335 3212 111.
353 3167 388 3211 13.
403 3170 426 3210 6.
440 3183 464 3224 p.
479 3167 531 3211 348.
546 3170 631 3211 Eunrr.
647 3168 720 3224 Iphig.
736 3168 761 3210 in
775 3168 831 3211 Aul.
844 3183 879 3210 rs.
895 3167 958 3226 ⁷09.)
967 3200 974 3219 ,
990 3183 1059 3224 quare
1077 3173 1125 3228 ipse
1144 3157 1257 3214 Achil·

142 3250 175 3293 les
189 3252 258 3302 dicit,
271 3265 294 3292 se
307 3264 320 3291 ι
334 3250 432 3292 Chirone
444 3250 562 3291 educatum
577 3249 658 3291 habers
671 3248 784 3304 simplices
798 3264 869 3292 mores
884 3249 977 3301 (Eonrr.
993 3253 1068 3311 lphig.
1081 3255 1106 3297 in
1120 3255 1174 3298 Aul.
1185 3248 1256 3289 ⁴⁸

143 3332 196 3376 926.
210 3331 247 3375 Cs.
261 3333 292 3377 11.
307 3318 335 3367 Λ
348 3344 384 3374 rs.
400 3329 474 3387 set).
488 3331 523 3372 De
536 3330 637 3376 musica,
651 3344 719 3384 quam
733 3330 826 3373 docebat
845 3332 921 3374 herois
942 3332 973 3376 oi.
995 3336 1152 3381 Pmosraarr
1174 3324 1258 3380 με

144 3417 212 3458 mica:
227 3399 349 3470 χείρων,
362 3427 385 3467 p.
403 3411 452 3455 140.
468 3412 502 3456 ed.
517 3414 665 3456 Borssussos.
696 3415 886 3463 Juxtaauctorem
900 3416 985 3472 Orphei
992 3419 1118 3474 Argonaut.
1132 3422 1184 3465 rat
1193 3397 1258 3455 ji

144 3497 230 3539 Chiron
243 3496 341 3538 carmine
357 3496 522 3536 Centaurorum
536 3508 632 3550 pugnam
646 3494 776 3537 celebravit.
808 3496 847 3540 Cf.
862 3498 976 3542 Eusrsra.
990 3482 1018 3544 ad
1032 3502 1062 3544 11.
1079 3487 1117 3539 A·
1128 3484 1258 3549 valo¹

143 3591 166 3631 p.
180 3576 238 3628 353,
250 3578 290 3619 ubi
304 3576 361 3619 artis
374 3576 459 3631 lyricas
473 3575 578 3618 inventor
598 3576 689 3618 dicitnr.

174 3656 223 3713 (23)
239 3660 311 3701 Pran.
326 3659 395 3714 Pyth.
418 3659 461 3699 IX.
475 3671 510 3701 vs.
527 3657 578 3701 104.

174 3739 222 3794 (24)
239 3742 357 3783 Arcanos.
372 3740 448 3781 Rnoo.
469 3740 553 3794 Argon.
570 3741 622 3782 Lib.
638 3742 671 3784 11.
687 3756 721 3784 rs.
737 3739 777 3783 511
793 3756 827 3798 sq.
842 3743 879 3786 Cf.
894 3742 946 3788 508.

175 3820 223 3877 (25)
239 3821 317 3865 Noun.
332 3821 428 3878 Dionys.
443 3821 494 3864 Lib.
510 3822 592 3866 XVII.
607 3837 641 3865 rs.
657 3820 699 3865 357
713 3836 777 3879 sqq.:

263 3909 405 3972 »Ἄλλους
424 3907 755 3985 δὀὐταμὲνουςιίήσατο
779 3894 906 3984 Φιοιβάὸι
922 3919 1001 3987 φωνῇ
1040 3895 1043 3901 ¹

264 4013 388 4090 φρικτὸν
408 4013 574 4089 ὑποῑρύζων
590 4016 775 4088 πολυώνυμον
793 4013 884 4086 ὕμνον
904 4015 1040 4087 ἇοιδῆς·”
