2754 4710
649 442 847 501 ..28-

213 597 307 659 odiosi
336 599 535 671 habebantur,
571 611 603 659 ut
632 602 685 673 iis,
708 603 818 680 quippe
838 605 968 660 Deorum
993 602 1096 680 aliquo
1121 603 1287 681 supplicio,

213 703 309 763 allecti
337 726 375 764 ex
393 707 514 764 urbibus
535 714 761 766 removerentur
773 708 837 781 :de
857 709 953 766 Persis
971 708 1131 766 Herodotus
1148 709 1290 786 expressis

213 810 311 868 verbis
337 811 392 869 boc
422 812 500 870 dixit
522 813 599 889 (83).
644 811 894 886 Quemadmodum
912 811 1014 889 itaque
1034 812 1139 869 Persae
1158 811 1288 890 et'lepra

213 923 243 971 et
269 914 353 973 leuce
378 913 495 973 affectos
526 915 590 973 sine
614 912 788 973 discrimine
814 935 852 975 ex
874 915 999 973 urbibus
1019 914 1225 992 expellebant,
1249 915 1290 972 ita

211 1015 289 1074 sorte
312 1026 342 1075 et
363 1017 512 1076 lsraiilitae
528 1036 631 1075 omnes
651 1037 841 1096 quocumque
864 1020 969 1078 morbo
988 1032 1112 1078 cutaueo
1124 1019 1290 1079 all'ectosex

211 1120 349 1180 societate
358 1122 487 1180 aliorum
508 1132 715 1181 removerunt.
757 1123 850 1182 Moses
867 1143 957 1197 vero,
980 1143 1048 1181 oum
1066 1123 1099 1180 in
1120 1102 1291 1199 regirssbus

211 1225 292 1284 bisce
317 1227 429 1285 ‘calidis
456 1228 566 1290 morbi.
585 1227 703 1285 cutauei
729 1226 962 1305 frequentiores,
998 1247 1090 1304 quam
1121 1226 1194 1284 alibi
1214 1229 1289 1297 sint,

211 1350 339 1407 cumque
367 1330 461 1409 igitur
487 1351 630 1390 numerus
653 1332 760 1390 talium
781 1329 918 1388 ecastris
945 1339 1127 1388 remotorum
1146 1349 1230 1408 saepe
1244 1330 1292 1388 in·

211 1434 367 1512 gensufieri
394 1446 509 1512 posset,
541 1436 623 1514 leges.
645 1436 734 1508 fecit,
766 1455 826 1513 qua
854 1433 1011 1512 impuritas
1031 1434 1293 1492 tantummodo'ad

215 1538 357 1618 pessimos
378 1547 408 1595 et
421 1539 564 1604 ¹maxime
589 1526 779 1602 insanabiles
796 1538 912 1596 morbos
940 1538 1077 1594 catanens
1092 1537 1289 1602 limitaretur:

212 1644 286 1702 adeo
304 1653 339 1702 ut
359 1644 434 1722 leges
454 1642 524 1701 illae
543 1643 580 1702 de
599 1645 681 1724 lepra
698 1643 796 1723 potius
811 1640 1010 1713 inservirent,
1033 1652 1068 1698 ut
1081 1642 1290 1707 numerosius·

215 1765 364 1825 purorum
400 1726 625 1823 minueretur,
653 1769 743 1827 quam
761 1757 795 1805 ut
820 1746 959 1805 morbum
989 1745 1121 1818 aliquem
1139 1748 1291 1825 impurum

211 1849 393 1943 declararet,
417 1853 471 1930 qui
489 1863 577 1910 antea
602 1874 664 1911 non
693 1853 828 1930 impurus
855 1851 1032 1909 habebatur.
1075 1850 1200 1930 Aliquid
1219 1851 1292 1909 certi

214 1966 313 2014 tamen
335 1956 391 2015 hac
411 1956 448 2015 de
466 1977 499 2015 re
514 1959 661 2017 affirmare
682 1979 743 2016 nou
759 1956 873 2016 ausim:
895 1955 945 2012 sed
960 1955 1070 2014 lllosem
1087 1954 1163 2032 leges
1181 1976 1248 2013 suas
1257 1954 1291 2012 de

212 2059 294 2138 lepra
320 2070 441 2139 propter
470 2060 534 2136 ejus
559 2062 727 2141 contagium
754 2057 949 2139 probabiliter-
966 2077 1027 2114 non
1049 2056 1172 2131 tulisse,
1203 2077 1240 2115 ex
1258 2076 1291 2114 eo

213 2163 355 2244 conficere
383 2164 496 2238 velim,
526 2165 608 2243 quod
626 2166 704 2223 idem
731 2167 829 2225 nullas
849 2164 884 2221 de
902 2172 982 2242 peste
1001 2163 1077 2241 leges
1094 2163 1182 2223 tulit:
1206 2164 1290 2240 cujus

213 2268 260 2326 uti
288 2268 454 2345 contagiosa
483 2278 591 2328 natura
616 2269 739 2346 alonge
758 2269 898 2346 plurimis
924 2266 1045 2325 medicis
1061 2268 1226 2346 accipitur,
1248 2269 1289 2326 ita

212 2380 243 2428 et
262 2371 428 2449 malignitas
452 2382 482 2430 et
499 2373 667 2449 periculum
687 2394 778 2451 quam
806 2372 936 2431 maxime
954 2371 1054 2449 leprae
1078 2372 1289 2452 malignitatem

213 2482 243 2529 et
262 2473 430 2550 periculum
445 2485 588 2553 superat..

707 2683 722 2758 e
746 2686 793 2743 n.

254 2889 300 2949 Λα
323 2910 358 2948 ex
383 2910 434 2965 eo,
458 2891 540 2970 quod
560 2891 597 2950 de
621 2892 705 2971 lepra
724 2891 895 2966 iudicabant
914 2894 1094 2970 sacerdotes,
1117 2896 1290 2954 concludere

212 2995 300 3070 licet,
321 3016 370 3054 eos
396 2996 573 3056 medicinam
603 2999 769 3058 exercuisse
789 2996 869 3075 apud
895 2995 1063 3057 Hebraeos?
1105 3002 1178 3059 Cum
1198 3000 1290 3059 morbi

213 3099 345 3178 diagnosi
370 3101 462 3159 Moses
480 3100 560 3159 nihil
580 3101 616 3161 de
639 3103 792 3164 curatione
810 3101 978 3180 praecepit:
1002 3102 1153 3163 llichaelis
1171 3105 1289 3184 quidem

214 3203 383 3281 suspicatur
403 3203 441 3262 iis
468 3206 542 3264 talia
561 3218 720 3287 praecepta
739 3208 807 3266 data
825 3208 927 3275 ,fuisse
955 3208 1040 3290 (Sl):
1071 3211 1121 3269 sed
1144 3213 1175 3269 in
1201 3214 1290 3272 sacris

700 3304 711 3329 0

216 3354 441 3371 *ξ-

246 3454 293 3515 (83)
307 3456 401 3500 Hauon.
418 3458 438 3499 1.
456 3472 476 3500 c.
495 3458 544 3502 138.
563 3455 628 3513 αὍς
650 3451 685 3506 dr
706 3451 738 3510 δὲ
757 3460 814 3511 τῶν
832 3456 928 3513 ἆστών
949 3434 1088 3532 diripuit}
1109 3461 1288 3537 λεύκηνῖχῃ,

216 3553 245 3614 ἐς
266 3555 356 3607 πόλιν.
379 3544 464 3618 οὗτος
485 3556 519 3612 οὐ
545 3556 716 3632 κατέρχεται
747 3557 816 3616 οὐδὲ
844 3566 1036 3638 συμμίσγεται
1063 3575 1140 3620 τοῖσι
1172 3565 1289 3620 ἄλλοισι

213 3655 353 3731 Πέρσῃσι·
380 3664 453 3727 φασὶ
473 3656 504 3716 δὲ
522 3682 573 3733 μιν
592 3662 621 3724 ἐς
641 3662 692 3717 τὸν
709 3663 791 3732 ἥλιον
823 3666 990 3740 ἁμαρτόντα
1011 3689 1039 3722 τι
1048 3710 1057 3739 ,
1085 3673 1182 3723 ταῦταΔ
1203 3668 1287 3738 ἔχειν.

213 3762 305 3821 ξεῖνον
324 3758 356 3818 δὲ
377 3766 488 3836 πάντα,
512 3766 560 3822 τὸν
577 3767 796 3841 λαμβανόμενον
819 3769 873 3827 ὑπὸ
887 3772 1135 3846 τουτέων,.πολλοὶ
1147 3774 1287 3829 καὶὲλαύ-
1342 3810 1346 3818 -

215 3886 298 3921 νουσα
320 3867 352 3922 ἐκ
366 3847 420 3936 ’τῆς
436 3868 563 3943 χώρης.”
670 3846 672 3851 i
727 3861 731 3869 ⁵

244 3962 291 4022 (84)
308 3967 421 4010 strenas.
446 3969 502 4012 Mos.
520 3971 585 4026 Regi.
604 3969 688 4028 1V.'.p.
706 3972 757 4018 274.
