2754 4710
589 83 807 142 -127-

145 249 248 308 autem
272 243 468 324 Aesculapius
495 243 623 303 durante
648 242 851 322 vita=egregie
879 241 915 300 de
943 243 1092 304 medicina
1121 245 1224 305 luisset

144 349 288 423 meritus,
309 348 434 428 ideoque
451 357 517 428 post
546 356 673 411 mortem
704 346 739 405 in
759 349 893 422 Deorum
913 367 1072 407 numerum
1091 359 1224 428 receptus

143 430 214 514 esse‘
226 451 416 528 crederetur,
438 472 499 511 non
518 450 635 530 potuit,
657 450 733 530 quin
752 469 840 526 mox,
869 469 937 511 eum
957 470 994 510 ex
1013 443 1144 513 Deorum
1163 465 1225 513 utro

142 559 238 618 fnisse
249 567 436 636 prognatum,
457 554 664 615 existimarent
683 564 814 629 veteres,
838 573 914 632 quae
936 575 1030 632 quum
1049 555 1092 614 ita
1111 540 1223 648 essent,

144 682 235 742 quem
263 681 300 721 ex
328 659 547 719 immortalibus
572 660 672 739 potius
702 660 732 717 ei
760 669 874 739 patrem
900 659 1099 739 adsignarent,
1134 683 1225 741 quam

143 769 246 847 ipsum
276 765 465 846 Apollinem,
494 783 583 842 quem
609 774 677 821 ante
696 783 796 823 omnes
814 763 888 821 artis
910 764 1040 823 medicae
1060 765 1153 825 Deum
1175 779 1225 826 tu-

145 873 273 932 telarem
309 870 415 938 fnisse,
450 869 675 939 indicavimus?
726 867 807 926 lianc
832 866 924 927 luisse
950 887 1104 945 caussam,
1133 890 1226 948 quare

144 984 265 1055 patrem
302 974 365 1050 ejus
398 972 572 1053 Apollinem
599 972 707 1048 fuisse,
735 971 860 1030 fabulati
887 970 948 1032 sint
980 981 1111 1048 veteres,
1149 973 1226 1033 mibi
1292 1043 1294 1048 ι

145 1077 328 1159 probabilius
354 1076 493 1148 videtur,
525 1097 616 1155 quarn
644 1075 767 1154 opinio,
798 1096 856 1154 qua
876 1084 936 1138 non
957 1076 1073 1138 alienus
1092 1089 1137 1138 est
1156 1078 1225 1140 Jub.

146 1185 238 1243 llenr.
270 1181 468 1257 Meibomius,
499 1181 628 1253 scilicet,
659 1189 787 1239 matrem
816 1181 987 1260 Aesculapii
1015 1203 1052 1244 ex
1083 1183 1226 1262 quopiam

145 1307 186 1346 ex
210 1284 403 1365 optimatibus
429 1305 627 1364 compressam
654 1303 733 1355 esse,
761 1286 992 1363 procurantibus
1020 1295 1121 1345 tamen
1140 1286 1226 1366 flugi-

145 1391 227 1451 tium
259 1387 472 1457 sacerdotibus,
504 1388 735 1466 Apollinemque
764 1398 898 1467 patrem,
933 1400 968 1450 ut
994 1392 1097 1469 culpae
1124 1369 1227 1452 auctor

143 1500 221 1555 esset
235 1492 406 1564 honestior,
423 1491 624 1551 adserentibus
637 1488 715 1571 (99).
739 1491 820 1565 Quid
830 1503 931 1552 autem
941 1493 1025 1553 nobis
1040 1504 1084 1553 est
1095 1497 1227 1572 cogitan-

143 1599 219 1659 dum
251 1596 288 1654 de
317 1595 473 1673 allegorica
504 1593 703 1673 explicatione
737 1594 830 1672 ipsius
867 1595 999 1655 nominis
1037 1596 1223 1676 Aesculapii,

144 1721 237 1784 quam
264 1701 401 1761 Phoenix
422 1700 562 1779 quidam,
591 1718 719 1777 quocum
739 1698 963 1757 altercationem
992 1698 1098 1759 habuit
1119 1701 1228 1761 Pausa-

143 1809 231 1884 nias,
252 1804 340 1877 fecit,
365 1803 514 1883 quamque
527 1822 590 1860 non
609 1800 702 1879 magis
723 1821 784 1861 esse
803 1801 1006 1879 Phoenicum,
1033 1823 1125 1881 qnam
1134 1803 1227 1867 Grae·

144 1930 250 1970 corum
271 1908 462 1986 opinionem,
484 1905 637 1965 contendit
664 1905 744 1966 idem
768 1907 952 1968 Pausanias?
1003 1908 1092 1968 Dixit
1125 1920 1227 1970 autem

144 2013 281 2074 Phoenix
296 2011 371 2084 ille,
399 2011 607 2090 Aesculapium
624 2017 724 2101 adrem
741 2031 802 2070 esse
812 2057 822 2087 ,
843 2032 883 2071 ex
911 2033 970 2091 quo
990 2013 1067 2073 bona
1087 2014 1227 2074 valetudo

144 2114 277 2199 (Hygeal
307 2126 368 2175 tam
391 2101 533 2192 homini,
564 2136 654 2196 qnam
684 2117 802 2176 cunctis
830 2117 899 2177 aliis
924 2118 1128 2179 animantibus
1146 2121 1225 2181 exis·

144 2228 238 2279 teret:
273 2220 444 2300 Apollinem
472 2242 584 2301 porro,
616 2223 672 2302 qui
700 2222 785 2283 sol
754 2242 838 2304 1pse
856 2233 915 2296 est,
932 2224 1003 2300 jure
1022 2204 1138 2304 patrem
1155 2225 1230 2288 Aes·

145 2326 261 2403 culapii
278 2326 448 2410 perhiberi,
471 2325 550 2403 qnod
566 2325 786 2387 anniversarias
802 2326 1020 2386 vicissitudines
1046 2349 1136 2388 cursu
1153 2349 1228 2388 con·

146 2431 248 2490 ficiens
267 2450 341 2503 surr,
364 2431 429 2488 aeri
448 2429 680 2487 salubritatem
670 2433 826 2510 impertiat
846 2432 946 2512 (100).
989 2432 1021 2491 Si
1040 2433 1165 2510 Graeci,
1183 2436 1230 2493 uti

146 2531 225 2592 dicit
252 2529 429 2598 Pausanias,
462 2548 569 2587 revera
589 2538 661 2588 tunc
679 2531 822 2612 temporis
839 2532 883 2592 ita
898 2533 935 2597 de
955 2532 1131 2613 Aesculapio
1151 2536 1230 2614 cogi·

148 2636 263 2708 tarint,
284 2632 342 2692 huc
362 2632 487 2693 minime
511 2630 632 2710 probat,
656 2633 726 2692 iude
744 2635 890 2707 abinitio
915 2637 1124 2716 Aesculapium
1150 2638 1231 2716 apud

147 2759 200 2797 eos
217 2737 351 2798 habitum
371 2755 434 2794 esse
451 2734 709 2815 symbolumac'ris
729 2739 885 2800 salutaris·
903 2741 1040 2801 sedeunt
1072 2743 1151 2822 apud
1168 2739 1231 2803 Ho-

149 2861 269 2902 merum
298 2839 389 2899 etiam
416 2838 452 2899 de
489 2838 665 2917 Aesculapio
688 2850 831 2923 tanquam
848 2843 884 2902 de
901 2844 1024 2928 mortali
1044 2845 1174 2926 quodam
1192 2846 1232 2905 sit

145 2966 245 3006 sermo
269 2955 301 3004 et
326 2945 365 3011 de
395 2945 536 3027 Apolline
560 2953 704 3023 tanquam
722 2947 787 3005 Deo
804 2966 822 3002 a
840 2947 911 3007 Sole
923 2967 1014 3026 quam
1032 2948 1164 3011 maxime
1183 2949 1231 3014 di-

148 3071 258 3127 verso,
289 3059 424 3130 apertum
454 3058 515 3122 est,
540 3060 614 3108 tnnc
633 3048 776 3128 temporis
791 3049 829 3108 de
841 3050 905 3112 ista
922 3051 1231 3132 symbolicaexplicu-

148 3156 232 3215 tione
261 3154 438 3235 Aesculapii
471 3153 609 3233 ejusque.
628 3153 722 3234 patris
754 3175 897 3235 personae
930 3157 1062 3217 nondum
1091 3151 1231 3239 cogitasse

175 3351 224 3408 (99)
239 3353 291 3392 Jon.
305 3351 386 3392 Hans.
400 3349 507 3392 Μιιιιοιι.
534 3350 658 3394 comment.
672 3315 799 3404 ibJusjur.
813 3349 844 3390 ΙΙ
837 3362 923 3407 ppccr
938 3364 962 3407 p.
976 3348 1014 3392 37.
1036 3353 1098 3395 Idem
1112 3353 1169 3397 estat
1181 3355 1229 3402 ex

145 3449 255 3485 ariense,
270 3432 309 3487 qui
322 3433 346 3474 iu
359 3431 430 3473 Libro
442 3431 500 3475 VI
518 3427 551 3485 (p.
572 3429 623 3474 200.
643 3431 741 3489 Setun.)
760 3432 879 3477 eontrssu
883 3431 984 3484 lienum,
997 3435 1120 3516 sacerdotes
1140 3438 1229 3495 Apolli

147 3517 182 3559 uls
197 3515 239 3556 boc
252 3513 340 3556 facinus
353 3499 492 3568 perpetrasse
504 3509 640 3571 conjicit

178 3583 553 3651 (too)t²m21tb-.V11.e.23'.
