2754 4710
642 456 680 466 -
724 423 760 480 ῃ
804 455 842 468 -

164 591 288 643 neant
298 628 306 659 ,
337 603 397 642 rron
416 583 499 663 prius
527 593 712 660 annuerent,
736 603 826 663 quam
849 584 886 643 iis
904 589 1131 667 persuasissent,
1155 602 1187 652 ut
1197 637 1206 668 ,
1226 614 1266 653 rr·

160 685 275 747 lictis
300 687 406 766 patriis
433 687 544 767 legibus
563 697 593 747 ct
613 687 699 748 cultu
721 689 795 763 Dei,
816 707 834 744 a
853 707 914 765 quo
931 707 978 746 cas
996 694 1193 770 accepissent,
1217 696 1274 754 bia-

161 791 379 850 diauitarunr
412 800 442 850 et
472 791 671 852 Moabitarum
702 794 779 852 Deos
808 793 940 852 colerent
956 791 1040 872 (56).
1062 794 1177 857 Puelias
1197 811 1276 859 certe

160 915 179 952 a
208 915 297 975 rege
318 898 420 956 missas
437 898 609 958 meretrices
627 897 735 973 fuisse,
758 897 868 957 infitias
891 898 946 958 ibit
965 918 1061 958 neruo.
1103 890 1197 961 Moses
1213 926 1278 963 oru-

161 1017 263 1070 nes,
287 1000 341 1078 qui
358 1021 427 1060 curn
445 1001 665 1081 Bam-Phegous
685 1003 818 1061 consueti
835 1011 931 1062 essent
940 1047 949 1078 ,
965 1001 1097 1081 interfici
1108 1003 1198 1080 jussit
1214 1003 1278 1085 (tt.

155 1101 266 1186 biom.
277 1105 372 1163 XXV.
382 1103 415 1184 5)
426 1128 433 1163 :
449 1092 496 1164 ilii
506 1127 589 1182 vero,
600 1107 653 1186 qui
665 1115 792 1164 ruomem
802 1107 881 1168 hanc
893 1117 1059 1184 evaserant,
1083 1091 1164 1187 peste
1183 1110 1280 1187 perie-

158 1205 355 1289 nmt(57).
375 1210 454 1267 Dein
466 1209 532 1288 (lt.
547 1211 620 1271 Mos.
630 1210 743 1270 XXXI.
755 1211 781 1270 l.
792 1209 872 1292 sqq.)
886 1212 979 1271 Moses
989 1212 1100 1291 populo
1109 1213 1262 1292 praecepit
1268 1259 1287 1288 „

158 1321 191 1369 ut
237 1311 424 1371 ltiadianitas
460 1314 704 1393 aggrederentur,
738 1316 774 1374 ab
794 1316 893 1395 iisque
912 1316 1045 1376 Jehovae
1063 1337 1171 1396 poenas
1188 1337 1279 1395 cxpe-

157 1424 301 1476 terent.
345 1417 384 1476 Hi
405 1438 508 1476 omnes
528 1439 624 1478 mares
647 1421 878 1494 interfecerunt,
903 1422 1046 1482 mulieres
1066 1442 1140 1481 vero
1158 1432 1189 1481 et
1210 1442 1280 1501 par-

157 1517 280 1580 rulos
296 1521 592 1599 captivosceperunt3
604 1520 697 1582 Moses
707 1533 808 1583 autem
824 1525 920 1585 iratus
933 1525 1025 1602 jussit
1033 1535 1063 1584 et
1070 1545 1172 1584 ornnes
1184 1545 1281 1584 mares

158 1623 361 1702 impuberes
372 1644 532 1704 omnesque
552 1627 712 1703 mulieres,
735 1648 809 1707 quae
824 1627 887 1687 viri
900 1628 1040 1688 notitiam
1049 1628 1208 1688 concubitu
1223 1629 1278 1688 ba-

113 1724 116 1729 ’
144 1720 341 1805 ¹buisssent,
372 1728 517 1801 interfici,
550 1751 652 1790 omnes
680 1752 753 1790 vero
779 1731 947 1809 impuberes
967 1730 1123 1804 mulieres,
1147 1733 1277 1791 marium

161 1834 416 1911 conjunctionis
443 1834 578 1913 ignaras,
607 1837 793 1909 conservari,
817 1846 852 1894 ut
868 1835 1131 1895 distribuerentur.
1171 1837 1275 1915 ltaque

164 1951 255 1995 non
283 1959 350 1997 eam
377 1939 414 1998 ob
439 1958 502 1997 rem
520 1938 652 1997 interfici
676 1940 816 1999 mulieres
841 1940 931 2016 jussit
948 1941 1054 2012 Moses,
1078 1961 1116 1999 ne
1136 1940 1277 2000 Israelitis

165 2054 270 2104 suaet
286 2044 419 2118 occasio,
443 2065 506 2102 rem
525 2066 593 2103 cum
614 2043 734 2123 paganis
751 2044 928 2102 mulieribus
945 2043 1090 2128 habendi,
1113 2044 1276 2122 quaeenim

166 2142 193 2203 ai
218 2164 338 2208 caussa
360 2147 480 2216 suisset,
505 2167 597 2226 qnare
619 2167 682 2218 eas,
707 2166 783 2226 quae
800 2147 939 2206 virorum
954 2145 1174 2224 conjunctionis
1191 2157 1278 2208 erant

168 2248 329 2327 unisse,
360 2254 392 2312 in
419 2255 484 2313 vita
512 2250 681 2312 servasset?
723 2253 880 2312 Praeterea
897 2251 961 2330 ipse
979 2251 1091 2331 populo
1106 2271 1160 2315 suo
1181 2251 1276 2332 legem

172 2351 330 2432 dederat,
353 2379 415 2438 qua
432 2358 505 2417 huic
526 2357 632 2417 licebat
671 2358 865 2418 matrimonia
893 2380 962 2418 cum
982 2357 1108 2438 captivis
1125 2357 1204 2417 inire
1225 2358 1276 2441 (V.

176 2454 270 2522 Mon.
296 2463 380 2524 XXI.
404 2466 451 2525 10,
471 2459 560 2542 sqq.).
603 2461 659 2521 Sed
676 2461 837 2520 seeundum
860 2463 963 2522 virum
979 2462 1184 2522 doctissimum
1204 2483 1276 2523 vera

148 2544 154 2553 .
178 2579 296 2628 clusae
308 2614 317 2646 ,
342 2588 436 2647 quare
457 2567 501 2626 ita
524 2585 625 2625 severe
646 2565 740 2644 egerit
760 2566 870 2642 dieses,
893 2565 952 2626 suit
969 2586 1021 2648 ea,
1046 2586 1084 2625 ne
1103 2565 1276 2646 contagium

173 2664 285 2739 baius
311 2692 368 2752 per
392 2672 539 2752 populum
566 2669 828 2743 disseminaretur3
858 2611 936 2729 banc
964 2670 1056 2729 etiam
1084 2670 1121 2728 ob
1141 2691 1275 2731 caussam

182 2784 312 2848 mnes,
348 2775 401 2854 qui
428 2774 500 2834 huic
525 2772 708 2852 expeditioni
734 2783 837 2832 contra
854 2756 1033 2836 Madianitas
1055 2776 1274 2848 interfuerant,

111 2908 114 2927 ι
151 2866 247 2981 ,13¹¹
267 2868 378 2959 septem
397 2879 460 2938 dies
480 2886 565 2937 extra
574 2885 671 2936 castra
690 2894 843 2936 remanere
862 2876 1030 2939 debuerunt
1042 2879 1130 2960 (ibid
1149 2899 1194 2938 vs.
1213 2875 1275 2957 19)

179 2982 274 3059 quod
297 3002 456 3064 uunquam
485 2993 551 3063 post
568 2983 628 3039 alia
648 3002 716 3039 cum
738 2979 871 3040 hostibus
889 2981 1002 3060 proclia
1020 2981 1171 3041 exercitui
1190 3000 1276 3060 prae·

144 3074 371 3161 ,f-e'ipistsrur.
410 3087 455 3146 Ita
481 3085 667 3146 doctissimus
695 3085 891 3144 Rosenbaurn.
931 3084 1080 3164 Equidem
1097 3105 1159 3143 non
1176 3083 1277 3142 crede-

196 3194 290 3265 m,
304 3192 421 3270 jussum
451 3191 541 3251 Musis·
567 3191 606 3250 dc
631 3188 842 3249 interficiendis
864 3189 1093 3277 Madianitarum
1113 3188 1274 3264 foeminis,

135 3316 145 3359 .·
181 3270 279 3357 ’mbis
306 3316 422 3358 caussas
455 3295 631 3356 sufficientes
658 3294 799 3374 praebere
811 3340 820 3368 ‚
852 3304 887 3354 ut
904 3293 941 3352 de
960 3294 1135 3374 contagione
1150 3293 1277 3381 syphili-

205 3390 270 3455 tiu'
283 3398 462 3478 cogitemus3
485 3419 581 3478 neque
600 3398 690 3457 etiarn
719 3397 878 3477 impuritas
895 3401 949 3459 iila
968 3401 1117 3461 exercitus
1137 3421 1189 3482 per
1209 3422 1276 3481 sep-

150 3560 155 3571 ,
175 3560 180 3571 ,
206 3510 260 3561 tan
276 3503 345 3564 dies.
386 3503 563 3584 Saepissime
578 3503 659 3562 enim
676 3501 789 3563 Jehova
808 3504 956 3573 Israelitas
975 3504 1146 3577 mandavit,
1171 3503 1275 3564 utim-

168 3598 181 3641 ·.-.
208 3604 460 3687 nactanabus
480 3630 583 3668 omnes
601 3607 806 3667 interficerent
827 3607 875 3689 (de
905 3607 1118 3680 Amalechitis‚
1142 3627 1171 3666 r.
1192 3629 1219 3668 c.
1239 3609 1277 3667 cf.

184 3694 188 3703 ¹
211 3706 237 3769 i·
250 3709 325 3797 bam.
349 3713 416 3793 XV.
438 3711 481 3793 3.)
492 3759 501 3789 ,
525 3713 595 3774 licet
614 3712 651 3771 de
671 3712 755 3772 nullo
774 3711 877 3770 morbo
896 3712 1063 3791 contagiosa
1082 3711 1175 3771 suerit
1197 3712 1278 3792 cogi-

209 3864 437 3884 ’.ὓ-*κεκοιμ-

238 3929 282 3991 tta)
297 3936 386 3981 sesses.
402 3938 481 3993 nntiq.
499 3937 585 3980 susan.
600 3937 650 3980 ιιι.
668 3936 712 3980 ιιι.
726 3916 750 3977 cs
760 3935 805 3980 vr.
818 3938 830 3991 c
843 3934 866 3979 a.
900 3934 946 3992 (ιι)
964 3934 1032 3979 issu.
1047 3931 1127 3977 arv.
1137 3947 1156 3977 ο.
1166 3932 1273 3989 vasu.
