2754 4710
570 521 793 580 -ttt-

144 685 247 760 erint,
276 682 351 742 ritus
381 682 512 762 religiosi
524 684 621 763 {apud
652 681 816 756 lara'e'litas‚
842 682 868 742 si
888 691 971 743 recte
991 682 1109 744 fuerint
1130 683 1230 743 obser·

144 789 208 847 vati
221 833 230 862 ,
262 807 366 846 eorum
399 808 558 867 corporum
585 789 743 848 sanitatem
773 787 863 847 simul
894 788 1105 863 induxerunt,
1140 809 1231 868 quam

144 892 182 950 ob
211 911 273 950 rem
303 890 505 950 Hebraeorum
535 891 673 970 religioni
696 893 743 952 vis
764 893 903 952 salutaris
920 893 954 952 iu
975 893 1160 953 medicinam
1182 915 1233 974 po-

144 996 259 1055 liticam
288 996 428 1076 denegari
456 996 574 1076 nequit.
615 995 695 1057 llaec
725 998 772 1057 vis
792 999 936 1058 salutaris
955 998 1079 1077 quidem
1101 1017 1233 1057 necessa-

143 1099 190 1158 rio
212 1099 298 1158 modo
319 1120 380 1158 non
400 1119 437 1159 ex
457 1099 675 1159 Monotheismo
694 1100 776 1180 ipso,
799 1102 851 1161 sed
869 1103 970 1182 potius
986 1122 1024 1162 ex
1038 1102 1228 1171 Tlreooratia,

145 1204 240 1283 qualis
256 1202 335 1284 apud
355 1204 502 1262 lsrablitss
526 1214 606 1281 erat,
627 1207 820 1285 sequebatur:
845 1207 895 1266 sed
907 1229 1002 1287 quum
1019 1229 1060 1268 ex
1079 1208 1229 1267 veteribus

144 1331 205 1369 una
231 1310 427 1370 Hebraeorum
450 1331 521 1389 gens
535 1331 630 1368 unum
654 1311 794 1370 adoraret
815 1315 924 1388 Deum,
946 1333 1007 1371 non
1026 1322 1136 1392 potest,
1158 1313 1231 1390 quin

145 1415 179 1474 in
195 1413 383 1492 irulagando,
405 1434 567 1491 quamnam
591 1413 626 1471 in
652 1414 830 1474 medicinam
852 1416 1024 1476 exercuerit
1048 1415 1231 1475 Monotlreisss

146 1542 212 1580 mm
234 1523 316 1591 vim,
336 1540 371 1578 ea
399 1519 574 1592 afferamus,
596 1539 682 1599 ‚quae
701 1519 781 1599 apud
799 1520 876 1579 hanc
900 1530 1018 1600 gentem
1047 1521 1228 1580 invenimus.

146 1625 248 1702 Neque
266 1623 299 1680 iu
321 1622 522 1701 Polytheismo
544 1622 604 1680 arti
624 1634 743 1682 nostrae
765 1626 889 1703 ejusque
916 1626 1065 1684 exercitio
1083 1626 1159 1684 adeo
1185 1626 1230 1683 iu-

146 1729 242 1786 fausta
263 1736 329 1786 erat
347 1726 515 1786 arctissima
531 1726 612 1785 inter
630 1727 803 1805 religionem
819 1739 848 1787 et
868 1729 1049 1788 medicinam
1071 1730 1230 1788 necessitu-

144 1833 191 1892 do.
232 1833 264 1892 Si
282 1831 362 1892 euim
386 1831 530 1900 homines,
543 1830 609 1890 Diis
632 1816 852 1892 immortalibus
870 1833 1077 1912 aegritudines
1099 1854 1167 1893 suas
1182 1833 1230 1891 ad-

146 1937 327 2011 scribentes,
347 1956 436 1995 omne
456 1936 619 1995 remedium
635 1935 849 2014 neglexissent,
868 1938 980 2018 quippe
1002 1938 1057 2018 qui
1074 1949 1226 2018 putarent,

145 2051 251 2101 contra
272 2041 459 2101 voluntatem
478 2040 613 2100 divinam
634 2039 671 2096 ab
689 2040 862 2101 hominibus
882 2043 1001 2102 nullum
1027 2062 1090 2101 esse
1109 2063 1228 2122 sperari·

145 2145 217 2204 dum
235 2145 406 2221 auxilium,
424 2145 534 2203 merito
558 2144 663 2224 religio
682 2145 834 2206 veteribus
852 2146 1004 2206 diceretur
1028 2147 1227 2227 impedimen-

144 2261 177 2309 to
191 2249 282 2310 fuisse
292 2296 301 2326 ,
324 2250 486 2329 quominus
505 2249 582 2329 apud
599 2270 706 2310 eosars
722 2251 838 2310 medica
847 2261 1047 2312 exerceretur.
1092 2252 1149 2313 Sed
1166 2252 1227 2332 ipsa

124 2357 218 2416 ‘haec
237 2356 421 2415 necessitudo
444 2354 560 2428 ellecit,
581 2365 616 2415 ut
640 2356 732 2416 abiis
762 2355 875 2414 auxilia
894 2365 1048 2435 peterent,
1083 2357 1139 2436 qui
1165 2369 1226 2414 om·'

145 2463 230 2520 nium
258 2461 391 2520 maxime
410 2471 497 2521 erant
521 2463 584 2541 apti
611 2460 650 2519 ad
675 2459 859 2518 sanationem
889 2459 1117 2539 perficiendum,
1139 2461 1225 2529 ¹suili-

145 2574 192 2625 cet
209 2587 226 2634 a
243 2565 462 2640 sacerdotibus,
484 2566 538 2645 qui
556 2568 588 2624 in
599 2563 690 2623 initio
708 2562 784 2621 sorte
803 2561 841 2621 ob
860 2564 954 2642 ipsum
976 2563 1133 2623 scientiam
1143 2610 1152 2640 ,
1172 2584 1226 2644 qua

145 2677 215 2727 ante
233 2668 368 2747 aequales
380 2671 586 2746 excellebant,
605 2670 717 2728 samam
735 2678 823 2738 erant
837 2668 988 2728 consecuti
1001 2668 1139 2728 arctioris
1158 2689 1225 2728 eon.-

144 2772 327 2849 suetudinis,
348 2795 493 2853 quacum
514 2774 582 2834 Diis
603 2781 777 2841 uterentur,
797 2777 845 2831 cui
864 2772 959 2831 famae
982 2772 1099 2832 eosdem
1121 2793 1225 2830 munus

145 2877 323 2938 sacerdotale
341 2877 494 2953 debuisse,
515 2898 569 2957 per
592 2898 622 2936 se
649 2885 693 2935 est
712 2876 873 2955 probabile.
914 2875 976 2956 Ipsi
1006 2886 1108 2935 autem
1135 2895 1226 2934 sacer·

145 2984 243 3056 dotes,
268 2993 302 3042 ut
322 2983 524 3042 samamillam
544 2991 714 3053 servarent,
736 3001 791 3059 pro
812 2979 928 3039 viribus
949 2980 1058 3039 suiset
1079 2999 1135 3058 pro
1152 2989 1225 3038 tem-

145 3106 236 3166 pore,
260 3106 320 3164 quo
338 3086 483 3145 vivebant
492 3131 501 3160 ,
519 3084 684 3144 medicinae
703 3082 836 3142 studium
856 3094 938 3143 certe
948 3104 1008 3142 non
1025 3082 1210 3162 neglexerint
1216 3102 1223 3154 3

144 3201 175 3250 et
200 3189 226 3249 si
255 3189 442 3268 potissimum
471 3211 568 3250 saeros
594 3190 692 3264 ritus,
712 3187 931 3267 incantationes
951 3187 1069 3266 aliaque
1085 3185 1227 3264 ejusmodi

146 3295 178 3353 in
191 3315 277 3353 usum
294 3295 450 3365 vocabant,
462 3304 492 3352 et
509 3302 693 3373 aegrotantes
710 3292 830 3371 magicis
848 3293 948 3370 potius
967 3291 1121 3366 artificiis,
1142 3311 1226 3370 quam

147 3397 338 3456 naturalibus
358 3397 615 3457 remediis'sanare
636 3395 827 3473 videbantur,
849 3397 905 3455 hoe
924 3395 962 3454 iis
975 3395 1099 3454 minime
1115 3415 1227 3475 oppro-

145 3504 212 3562 brio
228 3523 290 3561 esse
318 3513 424 3582 potest.
465 3502 557 3577 Nam,
590 3522 628 3562 ne
658 3501 755 3561 dicam
766 3549 774 3578 ,
800 3503 879 3582 ipsos
903 3501 1066 3560 sacerdotes
1086 3503 1119 3560 in
1140 3501 1231 3560 initio

145 3608 248 3666 saltem
276 3629 373 3682 necros
396 3609 464 3668 illos
491 3607 567 3668 ritus
584 3608 622 3667 ad
641 3607 800 3666 homiuum
820 3606 939 3664 morbos
952 3605 1098 3664 sanandos
1121 3605 1232 3665 summi

145 3712 289 3769 momenti
321 3711 456 3782 habuisse
466 3758 475 3787 ,
506 3720 691 3790 aegrotantes
709 3710 872 3770 certissime
889 3709 979 3768 nullis
992 3709 1059 3768 aliis
1076 3690 1227 3780 remediis,

146 3836 238 3897 quam
257 3816 328 3894 ipsis
345 3816 426 3877 hisce
444 3819 565 3898 magicis
584 3818 672 3876 [idem
689 3815 878 3886 tribuissent,
905 3813 978 3872 adeo
1000 3822 1035 3873 ut
1051 3812 1233 3888 sacerdotes,

145 3922 263 3982 etiamsi
286 3924 473 3984 naturalibus
488 3924 628 3984 remediis
647 3928 817 3989 uterentur,
842 3927 940 3978 essent
959 3920 1054 3978 coacti
1072 3939 1160 3979 sacra
1181 3919 1235 3978 ills

146 4027 288 4106 mysteria
318 4036 460 4108 tanquam
491 4029 684 4108 praecipuam
718 4024 882 4086 curationis
917 4034 1032 4103 partem
1070 4045 1236 4104 peragere,

147 4132 396 4211 quemadmodum
419 4143 449 4192 et
467 4126 575 4193 'nostri
603 4131 712 4192 medici
734 4129 873 4208 saepius,
894 4129 920 4189 si
937 4128 1237 4210 aegrotantisphan-

144 4237 219 4296 turia
247 4239 383 4299 morbose
404 4248 459 4300 >est
483 4217 639 4314 excitata,
672 4237 725 4317 pia.
752 4235 879 4316 quedam
901 4236 1006 4306 fraude
1027 4243 1179 4313 utuntur,
1203 4247 1240 4296 ut
