2754 4710
628 458 843 513 -uo-

202 632 266 699 post
294 620 477 678 sanationem
505 630 606 696 gratus
634 617 807 695 Aesculapio
831 625 967 674 erexerat
994 615 1161 701 Phalysius,
1182 617 1278 691 idem,

201 727 245 784 nil
263 725 322 784 nisi
343 725 451 783 rudera
470 735 654 804 supererant.

242 829 378 888 Vidimus
412 830 526 908 igitur,
560 827 723 886 sacerdotes
758 825 975 905 aegrotantium
1006 824 1194 884 curationem
1223 845 1283 883 nou

202 934 366 994 eorundem
403 934 526 994 somniis
563 931 633 992 solis
670 930 843 1009 reliquisse,
880 931 930 989 sed
948 944 1065 991 ‘revera
1097 930 1283 990 medicorum

198 1051 297 1120 partes
323 1041 432 1119 egisse:
466 1040 517 1098 sed
556 1037 703 1119 quomodo
738 1036 829 1094 iidem
869 1036 1084 1116 prohibebant,
1124 1036 1283 1115 quominus

199 1145 407 1203 auctoritatem
437 1164 520 1202 suam
551 1144 743 1218 amitterent,
768 1144 889 1222 quando
909 1145 1057 1203 infaustus
1084 1144 1185 1203 exitus
1208 1154 1283 1201 esset
1340 1211 1342 1215 ¹

200 1248 338 1306 secutus?
381 1247 550 1309 certissime
576 1246 610 1305 in
636 1247 673 1305 iis
695 1247 826 1333 casibus,
850 1249 884 1306 in
908 1248 1015 1326 quibus
1033 1257 1159 1306 eventus
1175 1247 1281 1305 dubius

201 1362 265 1410 erat
287 1351 458 1421 habendus,
487 1351 560 1408 talia
580 1364 719 1429 responsa
751 1351 912 1419 dederuut,
938 1351 1040 1429 qualia
1061 1347 1212 1430 duplicem
1231 1371 1283 1410 ex-

201 1454 393 1534 plicationem
420 1454 621 1513 admitterent.
662 1455 704 1513 lta
726 1455 762 1513 de
790 1455 961 1516 Alexandro
985 1455 1040 1513 illo
1058 1455 1278 1534 pseudomauti‚

201 1541 306 1639 quiin
324 1559 493 1638 plerisque,
517 1578 593 1637 quae
612 1559 703 1630 fecit,
744 1558 880 1619 imitatus
900 1569 944 1618 est
972 1560 1161 1639 Asclepiades
1192 1561 1282 1619 alios·

202 1683 277 1740 que,
306 1662 360 1740 qui
393 1661 521 1719 oraculis
542 1669 719 1740 praeerant,
749 1663 893 1740 legimns:
916 1664 1061 1724 nOracula
1090 1664 1233 1736 fundebat
1252 1673 1283 1722 et

201 1787 340 1845 responsa
369 1765 456 1825 dabat
483 1766 608 1843 (lirina,
639 1768 736 1826 multa
766 1767 819 1826 hio
844 1766 1005 1845 prudentia
1034 1786 1104 1824 usus
1124 1778 1154 1826 et
1175 1768 1281 1845 proba·
1335 1748 1337 1753 .

200 1854 348 1934 bilitatem
379 1871 543 1950 adjungens
566 1872 744 1942 commentis
762 1874 840 1949 suis,¹
863 1873 913 1951 qui
934 1861 1077 1951 perplexa
1102 1873 1281 1952 quibusdam

202 1988 232 2035 et
258 1976 393 2054 ambigua
423 1977 613 2056 responderet
638 1977 676 2034 ad
698 1976 965 2055 interrogationes,
998 1977 1065 2034 aliis
1092 1997 1166 2035 vero
1194 1979 1281 2057 plane

200 2081 340 2154 obscura3
369 2083 479 2153 etenim
506 2083 562 2143 hoc
586 2083 736 2142 etiamad
759 2082 879 2141 oracula
903 2082 1053 2162 pertinere
1080 2082 1138 2162 ipsi
1160 2083 1289 2141 videta.

199 2186 382 2266 rur1(63J.”
429 2189 464 2247 Si
493 2198 594 2246 autem
623 2189 699 2246 datis
717 2187 864 2265 responsis
881 2187 988 2246 talibus
1006 2188 1149 2267 ambiguis
1166 2189 1282 2247 sanatio

200 2302 299 2349 secuta
321 2300 414 2366 esset,
448 2293 521 2350 haec
552 2291 728 2370 Aesculapio
746 2288 987 2349 adscribebatur:
1018 2292 1042 2350 si
1058 2284 1132 2365 reio
1148 2295 1212 2370 riou
1233 2312 1280 2350 re·

199 2380 398 2453 conv’aluisset
413 2374 516 2470 aeger,
537 2395 624 2452 facile
646 2415 745 2454 caussa
764 2374 829 2453 erat
847 2396 983 2473 ponenda
1010 2397 1041 2454 in
1061 2397 1125 2474 ejus
1141 2396 1199 2454 fide
1220 2418 1281 2455 non

160 2558 170 2573 .
199 2499 270 2556 satis
295 2497 402 2572 firma,
433 2498 482 2556 rel
509 2499 601 2555 etiam
625 2499 657 2554 in
684 2520 730 2568 co,
754 2498 969 2577 quod'aliquid
988 2517 1030 2558 ex'
1047 2500 1103 2574 iis,
1124 2521 1201 2579 quae
1219 2501 1282 2577 jus-

201 2601 409 2675 seratDeus,
440 2603 631 2682 neglexisset
668 2604 717 2662 Sic
747 2584 855 2662 Carion
885 2604 1050 2661 servusin
1072 2603 1282 2682 Aristophanis

200 2709 289 2767 Pluto
318 2716 439 2781 narrat,
471 2709 569 2764 Deum
590 2705 747 2766 Neoclidae
768 2705 992 2767 cuidam'coeco
1013 2727 1134 2786 parasse
1149 2708 1280 2788 medica·

199 2822 335 2872 mentum
375 2812 547 2871 unctorium
578 2833 614 2871 ex
645 2812 740 2871 tribus
770 2813 915 2890 capitibus
943 2814 1082 2872 alliorum
1113 2815 1280 2875 Teniorum

199 2927 230 2975 et
263 2915 380 2995 Silphio
408 2925 439 2974 et
470 2916 559 2975 Scilla
590 2917 780 2991 consectum,
812 2916 919 2994 quibus
948 2906 1134 2977 immiscebat
1163 2930 1281 2978 acetum

201 3020 381 3098 Sphettium‚
396 3020 471 3098 quod
483 3021 719 3081 oculisadmovit
731 3046 737 3079 :
754 3031 784 3078 et
793 3031 827 3079 ut
836 3021 1099 3100 dolorau'geretur,
1109 3025 1204 3084 vertit
1215 3026 1288 3104 pals

199 3124 320 3204 pebras5
342 3143 434 3202 quum
455 3143 529 3180 vero
547 3122 598 3181 hic
619 3126 758 3201 aufugere
787 3126 896 3200 vellet,
917 3125 996 3184 dixit
1018 3127 1118 3186 ridens
1139 3130 1281 3188 Aescula-

200 3229 285 3308 pius:
315 3248 328 3287 n
340 3227 413 3286 Sede
432 3226 483 3310 hic
503 3235 614 3285 unctus
635 3227 671 3283 ad
692 3227 774 3287 huuc
793 3228 914 3286 modmn
926 3231 957 3304 ,²³
982 3229 1051 3288 dein
1072 3250 1140 3288 eum
1160 3232 1281 3290 insana-

200 3343 263 3390 tum
295 3330 419 3409 reliquit
450 3331 528 3410 (bl).
577 3331 769 3391 Probabiliter
796 3331 898 3390 callidi
925 3333 1090 3392 sacerdotes
1106 3335 1171 3412 jam
1191 3349 1281 3395 antea

200 3436 432 3511 intellexerant,
471 3454 604 3519 coecum>
629 3423 717 3494 illum
747 3435 846 3494 risum
879 3457 939 3494 non
969 3457 1144 3516 recuperare
1176 3446 1278 3518 posse,

198 3561 325 3620 eamque
361 3540 401 3599 ob
440 3559 570 3599 caussam
607 3551 792 3620 unguentum
828 3538 905 3597 illud
942 3559 1011 3599 acre
1033 3542 1207 3620 ‘par-arunt,
1245 3553 1282 3603 ut

199 3653 335 3724 aegrotus
363 3665 434 3724 prae
466 3643 568 3702 dolore
606 3644 760 3724 anfugiens
797 3643 869 3723 ipsis
908 3645 1053 3704 rationem
1086 3647 1281 3706 sufficientem

199 3747 353 3828 praeberet
364 3793 373 3821 ,
406 3757 440 3806 ut
459 3745 623 3824 dicerent,
650 3769 720 3808 eum
751 3770 811 3808 nou
834 3750 921 3810 fidem
949 3754 1144 3814 necessariam
1161 3753 1280 3816 habere.

198 3877 401 3894 m·—

231 3946 280 4000 (63)
298 3947 394 3988 Lucus.
410 3943 522 3986 Alexand.
537 3944 715 3987 Pseudomantis.
731 3943 798 3988 aar.
815 3942 854 3995 (T.
868 3945 901 3990 ll.
917 3957 940 4000 p.
955 3944 997 3990 229
1010 3950 1064 4003 sq.).

231 4029 280 4083 (tt)
295 4028 426 4071 Asrsroru.
440 4025 504 4069 Plut.
517 4039 551 4069 vs.
566 4025 608 4068 ⁷20
622 4039 671 4080 sqq.
689 4027 727 4068 cs.
742 4041 776 4069 vs.
792 4025 842 4068 746.
858 4072 861 4076 ,
