2754 4710
33 3738 51 3763 Ι

518 429 736 516 -itr-

90 618 207 676 ·liator
226 619 333 677 habere
351 619 538 677 existimatus
555 621 662 677 suerat.
696 620 752 693 Qui
779 620 882 676 saltem
913 640 951 678 ex
971 623 1191 701 antiquioribus

114 722 304 796 auctoribus,
338 743 384 780 res
412 724 449 779 ab
477 721 604 781 Hercule
636 733 730 802 gestas
761 733 906 792 narrant,
930 725 1042 783 nonde
1066 727 1191 787 Hercule

114 826 228 885 medico
248 827 392 886 videntur
412 827 569 906 cogitasse,
592 826 698 885 sedda
718 826 807 885 heroe
824 827 1000 887 fortitudine
1028 840 1057 889 et
1077 831 1191 891 viribus

116 951 218 989 omnes
246 932 430 1005 excellente,
459 933 511 1009 qui
540 933 677 1008 aequales
704 931 789 988 malis
821 931 1006 991 extrinsecus
1033 936 1070 992 iis
1088 936 1190 994 immi-

114 1036 253 1094 nentibus
277 1037 437 1110 liberabat,
469 1036 595 1094 minime
625 1055 699 1094 vero
715 1035 771 1106 iis,
795 1055 872 1113 quae
891 1035 1039 1114 exipsius
1061 1039 1193 1116 corporis

115 1141 301 1218 aegritudine
327 1142 476 1220 originem·
506 1143 629 1199 ducunt.
673 1139 749 1200 Nam
781 1139 920 1199 Hesiodus
944 1161 1090 1216 narrans,
1122 1143 1196 1200 Pro-

114 1244 289 1320 metheum,
309 1247 393 1321 cujus
411 1224 518 1325 hepate
532 1246 720 1304 continenter
734 1245 839 1302 vultur
858 1245 1045 1320 vescebatur,
1066 1248 1102 1305 ab
1120 1247 1195 1306 ller-

115 1351 181 1409 cnle
208 1352 366 1409 liberatum
385 1372 445 1410 esse
462 1352 576 1410 crudeli
598 1352 655 1414 isto
673 1347 838 1426 supplici0,
858 1359 938 1406 certe
956 1370 1018 1407 non
1037 1351 1074 1408 de
1091 1351 1193 1409 morbo

116 1438 244 1533 quodam
273 1457 389 1538 hepatis
420 1458 559 1536 cogitasse
584 1457 723 1524 videtur,
747 1452 793 1510 nti
821 1461 907 1530 putat
930 1454 1077 1532 Sprengel
1105 1455 1192 1535 (63);

113 1559 187 1618 licet
207 1560 287 1619 dicat
314 1568 419 1638 poeta,
442 1562 578 1619 morbum
609 1560 720 1619 malum
738 1557 907 1637 profligasse
926 1559 1084 1619 Herculem
1102 1558 1192 1639 (64);

118 1684 187 1722 narn
215 1685 274 1724 vox
298 1676 404 1732 νοῦσος
425 1665 480 1724 hoc
501 1666 565 1723 loco
580 1666 726 1743 siguificat
743 1664 775 1721 in
793 1685 897 1742 genere
914 1665 965 1739 id,
988 1667 1068 1745 quod
1083 1668 1193 1746 aliquis

114 1768 251 1848 patitur,
278 1769 528 1848 quemadmodum
558 1768 649 1825 etiam
676 1769 713 1829 de
738 1771 824 1829 vitiis
855 1781 885 1828 et
914 1774 1040 1850 peccatis
1066 1760 1195 1833 dicitur:

115 1873 160 1930 uti
170 1873 211 1948 {iu
231 1873 288 1931 hoc
307 1894 397 1945 casu,
419 1873 462 1929 ita
476 1872 566 1929 etiarn
582 1873 616 1929 in
631 1873 687 1931 illo
698 1874 736 1930 ad
756 1873 927 1951 metaphora
940 1876 1079 1952 pertinet.
1090 1877 1191 1946 Porro,

116 1978 195 2055 quod
213 1979 251 2035 ad
270 1977 448 2056 Alcestidem
465 1972 590 2034 Admeti
607 1996 732 2033 uxorem
750 1974 786 2031 ab
805 1977 927 2034 Hercule
946 1977 979 2034 in
1002 1978 1197 2038 vitarnrevo-

115 2092 212 2140 cotam
236 2082 360 2154 attinet,
379 2079 570 2138 'recentiores
587 2079 707 2156 quidem
722 2072 887 2157 dixerunt,
908 2079 1077 2153 Herculem,
1102 2103 1196 2161 quum

116 2185 249 2243 medicus
282 2195 374 2258 esset,
418 2183 598 2242 Alcestidem
625 2194 826 2264 aegrotantem
856 2207 987 2246 servasse
1016 2186 1101 2268 (65):
1133 2188 1196 2248 ‘sed

112 2292 166 2350 alii
183 2293 220 2350 de
239 2293 342 2350 morbo
362 2291 522 2352 Alcestidis
539 2301 570 2350 et
582 2290 777 2348 medicatione
797 2291 833 2349 ab
850 2282 979 2351 Hercule
994 2278 1111 2372 peraeta
1133 2286 1195 2353 non

115 2396 304 2474 loquuntur,
326 2395 378 2455 sed
399 2396 447 2454 vel
471 2394 701 2473 Proserpinam,
719 2384 811 2473 quum
829 2381 1127 2478 Alcestis'semetipsa
1144 2398 1197 2457 oh-

118 2501 250 2571 tulisset,
283 2511 319 2561 ut
343 2523 398 2580 pro
427 2502 537 2561 marito
571 2500 681 2575 obiret,
711 2519 775 2559 eam
795 2501 955 2560 'remisisse
987 2490 1109 2561 'dicunt
1148 2486 1199 2562 rel

119 2605 290 2675 Herculem,
313 2608 470 2684 postquam
488 2627 556 2664 cum
577 2606 702 2664 Plutone
722 2606 758 2663 de
776 2607 830 2664 illa
847 2596 1009 2686 pugnavit,
1033 2628 1099 2667 eam
1121 2591 1199 2670 ildo-

119 2721 199 2769 meto
227 2716 364 2768 'servasse
390 2712 475 2789 (66);
505 2710 559 2782 alii
579 2699 713 2784 dicunt,
742 2730 811 2768 eum
843 2711 1021 2771 Alcestidem
1040 2733 1080 2771 ex
1094 2693 1201 2774 inseris

120 2832 287 2881 revocasse,
313 2813 360 2868 vel
367 2811 519 2870 reduxisse
538 2811 615 2891 (67).
632 2812 714 2882 Quin
729 2812 879 2885 luerunt,
901 2813 954 2892 qui
971 2807 1201 2891 explicationem

117 2917 209 2993 hujus
227 2914 326 2993 mythi
343 2916 430 2994 plane
451 2915 486 2971 ab
504 2914 574 2989 illa,
593 2933 682 2992 quam
701 2912 786 2972 dedit
806 2914 994 2987 Plutarchus,
1015 2915 1200 2978 differentem

120 3018 343 3098 excogitarunt:
375 3018 487 3079 scilicet
515 3015 694 3077 Alcestidem
723 3036 753 3074 se
772 3019 881 3076 Acasto
900 3018 1012 3077 victori
1030 3015 1201 3106 tradidisse,

120 3132 154 3180 ut
182 3143 237 3200 pro
264 3120 371 3179 marito
402 3129 584 3180 moreretur:
618 3121 774 3180 Herculem
809 3130 909 3182 autem
935 3118 1198 3202 supervenientem

118 3213 185 3285 eam
200 3232 247 3286 'ex
275 3235 368 3285 morte
392 3212 540 3284 servatam
559 3223 686 3282 Admeto
704 3225 863 3285 reddidisse
884 3227 970 3316 (68);
993 3248 1084 3305 quam
1105 3218 1203 3309 expli.

120 3331 269 3390 rationem
287 3339 366 3390 certe
384 3328 473 3408 magis
490 3349 557 3387 cnm
575 3329 717 3403 caeteris,
740 3348 816 3407 quae
835 3330 871 3386 ab
890 3328 1019 3389 Hercule
1033 3342 1115 3412 'gesta
1130 3324 1202 3393 nar-r

121 3488 341 3500 ——Q

153 3553 200 3606 (63)
217 3553 297 3595 Gesch.
312 3553 352 3594 der
364 3551 479 3607 Arzusylr.
500 3565 523 3605 p.
539 3548 587 3594 175.
604 3551 647 3603 (ed.
665 3549 831 3606 1800.)p.176.
847 3548 944 3603 (1621.)Ι

153 3634 201 3690 (64)
217 3637 314 3676 nmo».
330 3635 413 3689 raeog.
427 3648 462 3676 vs.
478 3631 540 3689 527,ι
551 3629 564 3669 u
574 3615 661 3684 κακήν
677 3614 766 3669 δ’ᾱπὸ
776 3618 882 3669 νοῦσον
892 3609 1046 3668 statuam

154 3714 201 3769 (65)
218 3716 351 3757 Pouraucs.
364 3715 467 3757 Amator.
481 3729 504 3768 p.
518 3714 570 3759 761.
816 3744 822 3775 ,

154 3800 203 3855 (66)
219 3799 337 3839 Arotcon.
354 3797 376 3841 1.
389 3796 411 3840 9.
428 3794 462 3839 15.
475 3809 496 3850 p.
513 3796 548 3839 ⁷9.
564 3796 607 3850 (ed.
622 3796 717 3856 Herus)
734 3793 771 3840 Cf.
786 3793 821 3838 11.
844 3789 1006 3851 captor.
1039 3788 1041 3794 ¹
1068 3800 1071 3805 '

154 3880 202 3935 (67)
218 3883 307 3922 Hroru.
319 3879 368 3921 lab.
383 3877 419 3920 51.
433 3892 455 3932 p.
475 3876 512 3922 57.
528 3879 562 3921 ed.
576 3879 705 3921 Mtiucnn.
722 3874 759 3917 Cf.
774 3874 845 3917 sin.
861 3875 948 3918 Enrm.
964 3872 1077 3929 Pyrrham
1097 3873 1205 3930 hypotypg

125 3966 177 4011 Lib.
196 3963 215 4007 1.
230 3977 250 4004 c.
266 3961 302 4004 33.
318 3975 340 4015 p.
355 3959 391 4003 61.
681 3954 684 3959 ’

159 4045 207 4098 (68)
225 4045 308 4112 Tzqrz.
325 4041 385 4085 Chil.
400 4041 433 4082 11.
457 4040 498 4082 766
512 4051 559 4094 sqq.
