2754 4710
574 503 797 561 -ltu-

143 661 199 719 lias
224 659 364 737 mitigans
385 669 415 719 et
440 660 519 740 apud
542 661 650 720 multos
677 661 830 739 pharmaci
851 663 947 721 lacurn
963 662 1091 721 obtinet:
1114 661 1218 720 multi·

144 785 184 824 ex
208 763 271 840 ejus
289 763 408 821 lavacro
431 764 531 823 visrun
551 760 780 842 recuperarunt:
804 766 891 825 multi
912 766 1039 846 pectoris
1062 765 1218 823 sanitatem

143 878 320 947 receperunt
341 878 372 927 et
397 869 533 928 anhelitu
557 879 627 928 snut
651 869 765 939 curati,
786 871 951 928 multorum
970 868 1056 947 pedes
1075 876 1105 924 et
1126 886 1219 926 ruem-

143 971 196 1029 bra
228 981 378 1045 correcta,
407 971 498 1049 quid,
522 972 600 1051 qnod
621 991 660 1030 ex
686 981 769 1029 muto
786 972 908 1052 quidam
928 974 1071 1052 eloquens
1093 981 1137 1029 est
1155 972 1218 1029 sac·

143 1086 208 1148 tus,
242 1077 505 1155 quemadmodum,
541 1079 593 1155 qui
620 1078 656 1136 de
680 1078 773 1138 sacris
800 1078 939 1136 biberunt
966 1077 1117 1150 sontibus,
1138 1075 1218 1133 vati·

143 1181 241 1241 cinari
267 1182 375 1242 solent.
418 1182 487 1258 Ejus
513 1194 600 1261 potus
621 1192 664 1240 est
690 1183 784 1242 instar
815 1183 954 1243 nectaris.
982 1202 1044 1242 u-
1063 1183 1106 1240 lta
1126 1181 1218 1238 bouus

143 1284 298 1346 Aristides.
339 1285 386 1344 Ex
413 1286 513 1346 verbis
541 1288 604 1365 ejus
640 1299 739 1345 tamen
768 1286 883 1344 abunde
918 1287 1029 1359 eluoet,
1065 1304 1126 1342 uon
1153 1282 1218 1340 sine

143 1409 247 1449 caussa
273 1408 366 1467 prope
394 1390 465 1449 tales
491 1391 584 1451 sontes
612 1390 777 1450 aedificasse
798 1391 907 1468 templa
926 1387 1126 1466 Asclepiades3
1148 1406 1217 1444 narn

143 1493 191 1570 (p.
220 1491 295 1568 443)
313 1496 465 1570 naqua‚’'
493 1494 609 1572 inquit,
645 1495 716 1555 uvel
742 1496 894 1573 aplatauo
913 1493 1004 1569 uuit,
1024 1492 1092 1567 vel,
1109 1490 1134 1548 si
1154 1510 1216 1547 ma·

142 1597 208 1671 vis,
237 1597 317 1674 quod
345 1597 463 1675 quidem
494 1599 648 1677 pulchrius
678 1611 721 1658 est
741 1609 772 1658 et
791 1600 936 1666 sarrctius,
965 1597 1003 1656 ab
1026 1598 1086 1671 iis,
1107 1593 1218 1674 quihus

142 1698 267 1759 insistit
286 1700 450 1780 tenplum,
466 1704 703 1776 fundamentis,
724 1725 783 1783 quo
799 1704 861 1781 fit,
887 1713 924 1760 'at
942 1721 1046 1759 omrres
1071 1700 1217 1766 credaut,

141 1823 156 1859 a
186 1799 309 1859 salubri
343 1822 379 1860 ao
408 1803 543 1863 solutari
574 1807 633 1864 loeo
663 1829 776 1888 aquam
797 1811 920 1885 fluere,
956 1807 1069 1886 quippe
1098 1824 1175 1883 qrrao
1201 1823 1220 1858 u

141 1907 252 1986 templo
279 1917 309 1965 et
336 1903 502 1967 seruatoris
517 1911 648 1990 pedibus
665 1911 915 1989 proficiscatur.''
959 1909 1020 1987 lpsi
1042 1905 1219 1982 Decipitur
1284 1965 1285 1968 ,

139 2013 286 2071 salutares
301 2033 396 2090 aquae
412 2013 491 2072 vires
513 2016 773 2088 adscribebantur,
797 2017 978 2094 eaedemque
998 2012 1218 2092 quammaxime

140 2115 252 2175 sarnam
280 2117 338 2174 Dei
358 2117 464 2196 templi
496 2133 659 2194 augerent,
681 2142 796 2181 necesse
823 2130 898 2180 erat.
948 2119 1096 2180 Nonnulli
1123 2118 1219 2175 sontes

140 2228 230 2277 erant
256 2219 346 2277 calidi
370 2230 401 2284 et
421 2221 534 2278 virtute
552 2223 680 2300 quadarn
708 2226 849 2284 minerali
878 2224 1016 2304 praediti.
1071 2217 1224 2299 Ejusmodi

141 2333 230 2382 erant
250 2322 315 2398 illi,
337 2325 392 2402 qui
412 2323 541 2383 Helenae
559 2327 678 2385 balneae
695 2328 768 2386 dicti
793 2329 962 2388 Cenchreae
984 2328 1021 2386 ad
1040 2323 1220 2386 Corinthum

141 2449 245 2507 prope·
264 2429 435 2508 Aesculapii
466 2430 611 2509 templum
641 2443 744 2507 erant,
772 2455 901 2514 quorum
919 2456 998 2514 aqna
1018 2444 1083 2493 erat
1100 2431 1174 2490 salsa
1192 2437 1222 2486 et

143 2532 254 2613 tepide·
271 2535 355 2616 (70),
385 2537 430 2594 uti
460 2530 551 2595 etiarn
582 2539 647 2615 illi,
672 2541 724 2620 qui
746 2539 874 2598 Athenis
890 2558 981 2618 prope
998 2536 1128 2613 eiusdem
1144 2544 1222 2592 tern-

142 2639 227 2718 plum
246 2650 347 2716 erant,
373 2640 411 2698 ad
428 2661 501 2720 quos
528 2644 650 2721 respicit
666 2644 833 2722 Xenophon
858 2641 935 2723 (71).
977 2643 1057 2717 Quin
1076 2640 1218 2711 suerunt,

141 2744 197 2823 qni
223 2743 436 2821 crediderunt,
470 2746 623 2825 Asclepiea
650 2747 684 2804 in
711 2746 801 2805 initio
831 2747 876 2805 nil
907 2747 1011 2820 fuisse,
1040 2745 1099 2803 nisi
1117 2743 1222 2801 balnea

142 2824 305 2922 salutarii3
335 2849 421 2925 cujus
449 2850 599 2928 opinionis
627 2860 835 2928 argumentum
864 2850 955 2908 etiam
983 2849 1156 2926 petiverunt
1182 2839 1220 2902 ex

142 2953 335 3021 altercatione
361 2956 431 3029 illa,
462 2976 552 3033 quam
579 2976 645 3014 curn
671 2953 819 3013 Phoenice
846 2954 950 3013 habuit
978 2952 1154 3024 Pausanias,
1183 2947 1219 3005 de

147 3056 281 3133 qujam
301 3055 449 3136 incapite
472 3059 561 3117 tertio
577 3079 643 3117 sum
664 3059 778 3118 locutus
797 3058 873 3138 (72).

640 3264 654 3339 a
677 3267 725 3372 es.

184 3470 258 3528 Cum
290 3478 391 3527 nostro
420 3491 508 3550 scopo
537 3492 597 3529 non
625 3473 782 3545 convenit,
812 3473 875 3531 fuse
904 3473 940 3532 de
966 3471 1119 3544 omuibus,
1142 3485 1219 3546 quae

149 3571 320 3654 Aesculapio
356 3575 582 3648 tribuebantur,
618 3577 780 3656 insignibus
817 3565 922 3654 agere,
970 3594 1077 3634 verunt
1107 3572 1143 3630 de
1179 3569 1217 3628 iis

137 3721 380 3748 Ὰ-
887 3676 889 3680 1

175 3815 213 3868 (70
240 3821 308 3861 Pars.
325 3820 359 3865 11.
375 3818 396 3859 2.
914 3864 917 3871 Ι

175 3820 224 3954 (ill
240 3903 348 3970 Xenoni.
363 3899 457 3940 Memor.
474 3900 558 3944 socrat.
580 3904 627 3951 111,
647 3878 897 3955 13,n11‹isapordi
927 3882 957 3936 τὸ
978 3884 1053 3957 παρὰ
1075 3903 1122 3938 σοι
1143 3877 1219 3952 ὕδωρ

137 3980 325 4061 θερμότερον
343 3997 421 4049 πιεῖν
441 3988 521 4042 ἐστιν
540 3986 556 4055 ἢ
576 3987 608 4042 τὸ
630 3987 660 4042 ἑν
683 3980 861 4054 Ἀσκληπιοῦ
874 3983 908 4047 ,·”

172 4085 221 4139 (72)
236 4087 339 4130 sicum
347 4095 354 4136 ,⁴
369 4087 411 4129 Die
424 4088 524 4142 Ilierogl.
539 4087 563 4131 in
576 4101 597 4140 p.
613 4088 688 4141 Myu.
703 4089 724 4128 d.
741 4087 831 4128 Aescul.
847 4099 867 4140 p.
885 4085 919 4128 12.
