2754 4710
584 448 784 507 -25*·

141 604 181 664 ad
208 604 343 665 mitiores
366 607 485 663 morbos
512 616 652 676 cutaueos
681 608 811 685 pertinet
834 605 918 686 (05))
942 630 1001 687 qna
1024 608 1055 668 iu
1078 632 1107 669 re
1129 629 1219 690 quam

143 711 277 771 maxime
297 711 425 783 aLeuce
445 710 553 768 diflert.
584 710 684 770 Minus
705 722 783 770 recte
801 712 892 790 igitur
911 714 1000 792 egisse
1017 716 1223 774 vitleturdoct.

143 816 246 893 Rayer
278 813 344 894 (66)
371 816 427 875 sub
449 812 571 873 nomine
591 816 743 875 communi
764 815 860 895 leprae
876 826 906 874 et
925 817 1048 895 alphum
1068 829 1098 876 et
1116 819 1220 877 leucen

143 919 330 980 describens:
362 919 411 976 hic
438 918 519 976 euim
539 919 718 998 magianum
740 921 937 999 elephantiasi
956 921 1135 981 Graecorum
1154 944 1224 982 con⁴

144 1024 239 1082 veuit.
262 1053 302 1065 ·-
324 1021 404 1081 llaec
426 1021 463 1079 de
480 1023 757 1102 symptomatologia
777 1025 874 1082 morbi
899 1026 1063 1084 sufficiant:
1086 1045 1125 1084 ex
1138 1025 1224 1084 dictis

147 1136 246 1206 patet,
269 1126 469 1206 vitiliginem,
492 1146 568 1205 quae
589 1126 623 1184 in
641 1130 730 1186 sacris
750 1126 903 1187 codicibus
915 1129 1109 1209 describitur,
1134 1129 1226 1186 mini-

147 1251 194 1288 me
210 1250 270 1288 esse
289 1230 429 1289 morbum
446 1229 737 1301 extraordinarium,
761 1233 815 1290 setl'
828 1252 932 1290 revera
953 1254 1020 1291 cum
1034 1242 1105 1290 noto
1123 1233 1226 1311 aliquo

147 1337 252 1394 morbo
271 1354 336 1393 eam
356 1334 527 1393 convenire.
558 1335 698 1413 Roganti,
723 1357 761 1393 au
780 1336 991 1415 elephantiasis
1008 1337 1225 1415 Israelitispla·

147 1459 183 1496 ne
200 1437 294 1496 suerit
313 1437 485 1516 incognita,
507 1457 577 1497 cnm
595 1438 744 1517 legislator
762 1440 855 1517 hujus
874 1442 1227 1521 signadiagnosticauou

147 1541 343 1612 iudicaverit,
366 1541 528 1620 respondeo
548 1563 616 1600 cnm
639 1543 843 1604 eruditissimo
855 1545 988 1622 Jonrdan
1011 1545 1097 1627 (67),
1121 1547 1227 1605 llosem

150 1670 208 1707 nou
225 1646 434 1725 compendium
455 1646 675 1725 pathologicum
698 1648 913 1726 composuisse,
935 1670 1065 1728 eumque
1087 1652 1228 1711 morbum

151 1751 357 1812 tantummodo
374 1771 444 1809 eum
460 1751 663 1830 descripsisse,
687 1754 741 1830 qui
760 1773 829 1810 cum
847 1752 1011 1811 levioribus
1025 1752 1229 1814 allectionibus

151 1855 281 1915 entaneis
307 1854 340 1911 in
362 1855 451 1912 initio
476 1864 573 1932 posset
601 1856 761 1929 coninudi3
789 1856 1007 1933 elephantiasin
1027 1877 1100 1914 vero
1129 1878 1231 1935 symp-

150 1958 260 2020 tomata
288 1961 416 2034 habere,
449 1980 525 2038 quae
554 1979 614 2015 nou
638 1961 708 2018 adeo
737 1961 824 2019 facile
842 1963 932 2019 talem
952 1962 1155 2021 confusionem
1172 1962 1226 2019 ad-

153 2068 282 2127 mittant.
327 2068 426 2140 Quum
454 2063 664 2143 elephantiasis
685 2064 784 2122 iubis
803 2065 996 2143 regionibus,
1025 2074 1104 2123 certe
1120 2065 1152 2123 in
1168 2068 1228 2124 Ae-

150 2182 250 2252 gypto,
282 2172 348 2248 jam
381 2170 550 2250 antiquitus
581 2171 673 2229 suerit
697 2170 830 2248 cognita,
863 2190 925 2227 non
951 2169 1145 2248 improbabile
1164 2182 1228 2246 est,

151 2296 213 2335 eam
235 2286 265 2334 et
282 2276 363 2334 iuter
384 2274 534 2335 Israeliten
559 2285 720 2354 grassatam
749 2274 860 2332 luisse:
882 2274 958 2352 quin
971 2284 1001 2332 et
1013 2274 1148 2334 Niebuhr
1159 2276 1226 2357 (68)

152 2381 167 2440 l
170 2381 293 2440 udaeam
313 2381 462 2460 quendam
472 2390 577 2438 narrat
592 2381 646 2441 sibi
657 2380 767 2439 dixisse
777 2379 824 2461 (in
841 2378 963 2457 Arabia)
974 2426 983 2455 ‚
994 2380 1133 2441 morbum
1145 2402 1227 2457 eum,

151 2485 266 2566 dequo
295 2484 352 2565 (ΙΙΙ
369 2485 443 2545 blos.
463 2484 542 2543 Xlll.
573 2489 621 2546 10.
644 2483 694 2564 ΙΙ)
720 2484 755 2542 fit
783 2484 913 2561 mentio,
944 2485 977 2543 in
998 2497 1141 2564 quaerat
1160 2508 1229 2546 caro

152 2591 239 2661 viva,
274 2589 363 2647 fnisse
394 2588 620 2668 Elephantiasin
646 2591 710 2649 sive
742 2589 924 2665 Dsjiiddam:
954 2590 1034 2668 quod
1056 2602 1156 2650 tamen
1177 2611 1230 2671 ego

152 2715 212 2753 nou
229 2693 376 2752 affirmare
400 2692 502 2750 ausim·
515 2690 594 2771 (60).
635 2695 730 2772 Magis
748 2693 826 2751 mihi
847 2694 885 2752 ad
906 2694 1122 2772 elephantiasin
1144 2716 1227 2774 spec·

153 2807 214 2857 tare
239 2797 384 2871 videntur
411 2817 470 2855 vss.
499 2797 550 2857 40.
572 2817 649 2876 sqq„
671 2797 721 2856 ubi
741 2799 824 2878 signa
842 2799 1023 2878 diagnostica
1040 2802 1120 2860 inter
1135 2802 1235 2861 calvi-'

151 2903 223 2961 tiem
242 2908 405 2978 suspectam
424 2909 454 2957 et
472 2920 579 2976 puram
598 2901 771 2960 traduntur.
804 2903 915 2962 Omnes
931 2905 1012 2962 enim
1032 2916 1166 2963 auctores
1176 2904 1230 2962 de-

151 3005 327 3086 pilationem
357 3013 387 3061 et
413 3003 565 3062 calvitiem
596 3003 634 3059 ad
656 3005 738 3080 signa
756 3005 997 3065 characteristica
1020 3007 1231 3087 elephantiasis

150 3108 352 3171 tuberculosae
384 3105 447 3167 sive
480 3106 660 3165 Graecorum
679 3106 814 3167 referunt
843 3111 921 3190 (70).
963 3109 1003 3170 Et
1019 3109 1095 3168 sorte
1111 3109 1230 3167 morbus

161 3263 431 3280 -u—-n-—a--o

183 3331 231 3389 (es)
246 3314 379 3375 Prienam
394 3331 555 3387 Darsteltung,
572 3345 595 3387 p.
612 3331 649 3375 ss.
667 3331 704 3373 cr.
725 3333 817 3374 cusu.
839 3331 890 3374 urb.
906 3333 937 3377 v.
954 3347 974 3375 c.
996 3332 1112 3377 imvm.
1127 3334 1148 3376 ¹1.
1163 3348 1183 3377 ς.
1199 3357 1232 3368 -

156 3412 241 3456 Atinas
251 3414 378 3456 Tetrabibl.
393 3415 437 3458 IV.
451 3414 523 3455 Serm.
539 3413 558 3454 l.
571 3427 591 3455 c.
608 3412 657 3455 134.

186 3493 234 3552 (66)
250 3496 349 3545 Rarun,
365 3494 444 3538 Traitt
458 3494 577 3552 tbe'orique
590 3502 613 3537 et
627 3496 732 3552 pratique
743 3497 780 3538 des
793 3496 897 3538 maladies
911 3496 937 3538 de
957 3496 978 3538 la
997 3511 1062 3552 peau.
1082 3498 1212 3540 Bruxellee
1220 3527 1228 3547 ,

159 3576 221 3619 1837.
239 3592 262 3632 p.
281 3576 331 3620 254.

161 3692 166 3699 .
187 3658 234 3714 (67)
251 3660 407 3719 Dictiqnnaire
414 3661 450 3702 des
459 3661 554 3702 sciences
561 3659 689 3705 Me'dicales.
697 3660 762 3702 Tom.
771 3660 874 3703 XXVII.
883 3674 906 3714 p.
915 3657 967 3702 455.
1013 3657 1060 3716 (68)
1076 3660 1093 3702 l.
1102 3674 1122 3702 c.
1136 3676 1160 3716 p.
1178 3660 1229 3704 135.

191 3742 237 3799 (69)
251 3743 340 3791 Maru,
356 3742 425 3794 (Med.
439 3756 496 3785 sacr.
518 3759 540 3801 p.
559 3722 606 3801 lb.)
623 3744 691 3793 dicit,
714 3751 783 3787 semet
797 3736 872 3800 ipsum
891 3743 971 3785 vidisse
989 3743 1099 3784 hominem
1119 3743 1229 3786 ruslicum

159 3821 219 3878 lepra
232 3825 385 3876 laborantem,
399 3839 430 3870 sc.
444 3834 471 3868 ut
482 3824 540 3869 c'utis
553 3828 617 3882 quasi
632 3830 689 3870 miae¹
698 3830 808 3884 eodberto
820 3826 972 3883 splenderet:
988 3839 1093 3883 squamae
1112 3836 1166 3869 vero
1178 3827 1228 3869 fur·

160 3904 260 3950 surannae
271 3908 358 3950 assidue
377 3907 561 3958 defricabantur,
578 3910 661 3951 subtus
674 3917 804 3965 apparente
818 3921 889 3950 carne
904 3906 976 3951 viva.

190 3987 235 4046 (70)
252 3993 367 4034 Auram.
375 3991 391 4032 l.
400 4006 420 4034 c.
429 4005 452 4045 p.
462 3991 498 4033 98.
505 3991 674 4035 -I‘raktisehe
681 3992 835 4046 Darstellung‚
842 3997 884 4033 etc.
894 4004 917 4046 p.
927 3990 977 4034 346.
986 3990 1078 4034 Ram.
1092 3992 1108 4034 Ι.
1116 4005 1136 4034 c.
1145 4007 1168 4047 p.
1176 3990 1228 4032 Ι307.
