2754 4710
485 476 703 534 -147-

56 664 131 722 pus,
165 659 254 717 qnam
301 648 424 696 eventus
454 658 513 695 non
545 636 662 696 fefellit.
716 636 780 695 Non
817 637 925 710 credo,
960 641 1139 700 celebratum
1196 721 1201 730 .

56 747 146 804 illum
175 742 323 803 medicum
342 753 372 801 et
390 750 488 800 vatem
507 741 584 800 huuc
600 749 712 800 certam
729 742 889 820 prognosin
907 745 1133 822 pronuntiasse,

60 850 134 929 quie
161 856 273 905 tantam
305 845 392 904 fidem
423 845 609 904 medicatrici
628 844 739 904 virtuti
760 846 905 925 rubiginis
928 848 1002 907 serri
1022 851 1137 909 tribue-

57 957 125 1025 bat,
158 953 244 1031 eujus
267 951 423 1010 efficacitas
442 971 535 1030 aeque
552 952 666 1014 ⁴minue
683 961 774 1032 atque
790 953 916 1012 aliorum
939 955 1140 1023 remediorum

59 1067 143 1118 certa
161 1064 258 1133 potest
277 1054 396 1112 haberi:
418 1055 590 1133 quidetiam
604 1057 668 1132 ejus
685 1078 754 1115 usus
770 1077 824 1135 per
839 1057 939 1116 decem
949 1067 1066 1119 tantum
1076 1061 1139 1120 dies

58 1161 254 1222 continuatus
270 1161 407 1237 juvaret,
426 1169 460 1217 ut
475 1159 651 1239 impotentia
672 1159 761 1238 (quae
778 1161 811 1218 in
820 1161 878 1218 hoc
895 1182 964 1220 casn
980 1183 1018 1221 ex
1038 1165 1138 1222 atonia

55 1267 202 1347 originem
231 1264 377 1344 duxisset)
402 1265 582 1325 tolleretur?
612 1264 678 1347 (78)
721 1266 898 1342 Crederem,
923 1267 1138 1348 Melampodem

57 1376 112 1434 hie
132 1376 232 1451 potins
256 1370 416 1450 psychice,
448 1391 536 1448 quam
565 1368 689 1448 physico
711 1371 841 1428 remedio
865 1393 951 1430 nsum
969 1372 1078 1450 fuisse,
1100 1375 1140 1431 il-

57 1481 143 1558 liqne
158 1478 260 1555 magis,
284 1497 373 1556 qnam
394 1475 466 1534 huic-
482 1475 570 1532 fidem
586 1474 743 1548 tribuisse3
765 1474 836 1531 adeo
856 1485 890 1532 ut
910 1497 979 1534 usus
994 1476 1138 1555 rubiginis

58 1583 96 1642 ad
117 1580 278 1661 symbolica
304 1579 511 1638 tantummodo
536 1577 666 1636 remedia
685 1579 868 1657 pertineret,
898 1579 949 1638 sed
974 1591 1076 1639 tamen
1104 1583 1139 1640 in

58 1687 118 1746 hoo
137 1705 206 1743 casu
225 1682 308 1740 nobis
332 1681 457 1758 alicujus
484 1681 524 1740 sit
544 1683 706 1757 momenti,
729 1683 976 1758 utconjectumm
987 1685 1139 1746 ‹leanam-

59 1790 126 1849 nesi
151 1797 183 1846 et
211 1806 250 1846 ex
277 1786 335 1844 hac
362 1785 398 1842 de
426 1794 536 1843 natura
552 1785 645 1863 ipsius
665 1785 765 1843 morbi
781 1786 937 1846 faciamus.
980 1787 1139 1848 Crederem

60 1897 97 1953 de
123 1893 227 1952 morbo
251 1891 379 1969 quodam
408 1889 515 1947 mentis
534 1890 648 1966 potius,
671 1908 761 1965 qnam
779 1891 910 1967 corporis
927 1911 988 1948 esse
1007 1892 1143 1971 cogitan-

60 1999 144 2056 dum.
188 1997 284 2068 Quum
305 1995 387 2051 enim
411 2011 485 2071 puer
504 1993 603 2052 adhuc
625 2003 699 2050 esset
718 1993 852 2071 Iphiclus
864 2042 873 2070 ‚
896 2006 979 2072 pater
993 1997 1140 2076 Phylacus

61 2121 133 2160 eum
151 2099 248 2177 gladio
271 2105 442 2176 persecutus
459 2105 523 2171 est,
546 2095 618 2174 quia
633 2097 732 2175 ipsum
757 2096 874 2176 aliquid
892 2098 1024 2157 indecori
1045 2103 1141 2160 facere

62 2204 184 2264 videbat
205 2199 290 2283 (79):
315 2219 440 2280 puerum
460 2209 559 2257 autem
586 2200 778 2278 perterritum
798 2209 829 2258 et
854 2202 1015 2280 fugientem
1044 2227 1137 2282 quum

62 2330 125 2367 non
141 2304 405 2385 deprehendisset,
422 2302 552 2382 gladium
574 2304 607 2361 in
628 2303 747 2362 arbusto
757 2304 802 2384 (in
812 2325 934 2384 quercu,
952 2309 1141 2388 juxtaalios)

61 2415 194 2494 impegit.
235 2413 307 2472 Prae
339 2421 454 2470 terrore
489 2408 581 2487 igitur
617 2409 805 2488 ejusquein
832 2422 989 2490 systemate
1013 2436 1141 2476 nervoso

62 2522 162 2581 noxiis
187 2521 336 2578 effectibus
361 2516 489 2601 sogsan
480 2536 513 2574 ιιι
535 2515 670 2575 morbum
693 2516 853 2575 mentalem
871 2518 978 2576 incidit
995 2541 1087 2598 puer,
1104 2524 1141 2581 in

62 2624 291 2685 melancholiam
304 2622 431 2706 scilicet,
454 2641 513 2699 qua
531 2623 668 2697 putavit,
700 2641 730 2679 se
748 2622 936 2700 generationi
954 2644 1016 2684 non
1036 2637 1140 2706 aptum

61 2753 139 2806 esse,
169 2729 295 2805 ideoque
325 2726 407 2783 coitu
436 2724 595 2794 abstinuit,
630 2723 740 2781 eodem
763 2726 868 2801 modo,
892 2730 1140 2806 quemadmodum

95 2923 143 2974 (78)
160 2920 301 2964 Sennnonn,
323 2915 412 2968 (Gesch.
433 2914 472 2954 der
492 2913 606 2967 Araneyk.
629 2913 658 2953 T.
682 2911 701 2953 l.
723 2927 747 2967 p.
765 2913 814 2956 148.
831 2913 875 2966 [ed.
892 2914 1002 2973 182l.]),
1023 2920 1140 2981 fiscane,

66 3003 157 3056 (Gesch.
172 3001 211 3041 der
224 2997 301 3040 Heilk.
319 2995 384 3039 1822.
405 2994 463 3036 Bnd.
487 2994 507 3035 l.
530 3008 553 3046 p.
569 2996 597 3035 48
618 2997 679 3049 βψ),
696 2993 839 3046 Rouanzscu,
854 2997 944 3051 (Gesch.
960 3001 982 3041 d,
998 3002 1103 3045 Medizin.
1120 3006 1140 3047 1.

65 3100 88 3139 p.
110 3082 172 3135 24.),
196 3080 366 3120 Fnrnoniiunan
386 3075 484 3127 (Vorles.
505 3074 561 3114 iiber
580 3074 661 3115 Gesch.
677 3075 715 3115 der
736 3075 813 3118 Heilk.
837 3079 903 3121 Hest.
924 3081 944 3121 I.
960 3095 983 3135 p.
1005 3080 1070 3135 65‚)
1084 3091 1140 3127 ουρ,

67 3177 141 3206 omnes
154 3160 291 3204 sanationem
305 3155 389 3213 Iphicli
402 3155 512 3211 rubiginis
526 3153 576 3195 nani
590 3145 705 3196 tribuunt.

96 3247 144 3299 (79)
162 3225 222 3279 Διά
243 3243 276 3278 το
268 3220 361 3278 ἰδεῖν
379 3218 471 3275 αὐτὸν
487 3216 598 3272 ἄτοπον
622 3237 650 3270 τι
669 3221 820 3271 ποιοῦντα.
850 3239 911 3280 Haec
923 3240 1058 3297 Pherecydis
1072 3246 1142 3287 verns

63 3331 95 3371 ite
122 3324 269 3381 interpretari
295 3323 379 3371 velim,
400 3319 490 3375 perinde
509 3331 535 3359 ac
556 3318 575 3359 si
596 3317 654 3358 illnd
677 3297 771 3354 ababa·
788 3305 931 3358 ποθοῦντα
951 3322 999 3364 ad·
992 3336 1067 3378 ΨΜ,
1080 3327 1140 3382 pgy

63 3412 138 3451 laeum
151 3413 248 3460 spectem
262 3406 297 3447 fla*
308 3411 384 3446 autem
402 3401 462 3443 famo
473 3415 500 3442 ex
512 3401 676 3454 comparatione
689 3415 740 3442 cnm
754 3401 886 3456 Apollodori
898 3404 1040 3456 narratione
1055 3408 1095 3460 qui
1109 3407 1141 3448 di-

63 3494 103 3540 eit,
117 3489 264 3546 Phylaeum'
259 3503 283 3530 ιιι
296 3487 355 3542 agris
375 3485 455 3528 arietes
476 3489 611 3525 castrantem
630 3496 696 3536 prope
717 3484 829 3538 Iphiclum
842 3501 915 3528 ensem
935 3488 1007 3528 adhuc
1022 3497 1142 3533 cruentum

62 3573 169 3628 posuisse
200 3568 393 3613 Haecforteerat
406 3579 482 3608 caussa
501 3565 547 3606 irae
561 3565 648 3618 patrie,
669 3566 726 3618 qnod
741 3567 823 3608 filius
816 3576 888 3621 ipsum
909 3570 989 3611 arietes
1007 3576 1142 3615 castrants'm

66 3633 192 3713 (άῖθπὸν
214 3653 242 3686 ab
260 3627 415 3704 71⁰⁶02'1'W)
438 3641 534 3690 viderat.
565 3649 603 3689 An
616 3661 669 3689 vero
684 3647 757 3701 potins
771 3630 935 3689 hosdronor
956 3644 1113 3695 notedvad'
1105 3667 1141 3708 ψ.

64 3750 115 3778 snm
129 3734 243 3788 Iphiclum
256 3733 286 3773 sit
300 3731 457 3780 referendum,
477 3731 530 3772 adeo
543 3731 569 3772 nt
582 3731 614 3772 ita
627 3730 837 3784 sitarcipiendum,
852 3742 882 3773 ac
901 3733 920 3774 ei
939 3733 990 3784 hic,
1006 3748 1142 3792 quumpner

64 3823 136 3865 esset,
151 3813 323 3856 masturbationi
336 3811 482 3854 indulsisset?
501 3812 594 3862 Verba,
609 3816 654 3855 noir
667 3828 721 3868 nego
729 3845 736 3864 ,
750 3815 851 3858 suadent.
868 3815 1000 3860 scholiastes
1015 3817 1048 3870 (in
1062 3822 1142 3862 Tano-

11 3875 15 3882 Ι
64 3888 129 3942 cnm}
146 3898 180 3940 Id.
197 3897 287 3937 HLvs,
301 3893 349 3948 43.)
362 3901 437 3936 antem
452 3907 499 3934 rem
512 3893 596 3935 iterum
609 3895 731 3947 elinwmodo
744 3895 914 3950 narratzjnxta
931 3897 991 3939 hunc
1012 3898 1141 3956 Phylacus,

65 3981 244 4037 quamarborem
251 3977 398 4027 exscinderet,
410 3977 475 4031 pueri
488 3977 520 4019 ibi
533 3977 654 4031 praesentis
668 3977 772 4032 genitalia
786 3978 925 4020 vulneravit.
956 3980 1016 4023 Huic
1033 3983 1141 4024 vulnera.

66 4066 122 4106 tioni
135 4064 154 4106 si
167 4060 297 4116 impotentia
310 4059 392 4114 Iphicli
406 4059 619 4109 fnissettribnenda,
634 4074 686 4102 usus
700 4060 843 4103 Martialium
863 4067 923 4104 certe
934 4076 1014 4117 perum
1032 4066 1144 4121 jur-assera

960 4147 1022 4206 10*
