2754 4710
630 425 748 480 ..lb
794 457 832 466 ...

189 609 256 646 rum
282 587 453 656 curatione,
487 606 577 664 qnam
607 585 643 643 de
665 586 774 644 morbis
791 584 962 644 avertendis
982 596 1025 645 est
1040 608 1157 662 serum,
1179 612 1269 669 quos,

188 701 222 750 ut
239 700 270 749 et
282 700 409 749 caeteras
428 709 529 748 omnes
542 690 637 748 clades
649 689 686 748 ab
698 689 842 748 Israelitis
854 700 919 748 erat
933 700 1072 751 arcturus
1091 692 1226 769 debora,
1248 696 1272 752 si

188 797 297 876 legibus
317 797 409 875 Ipsius
420 797 681 875 obtemperassent.
707 797 789 866 Quae
807 794 910 874 opinio
921 795 1011 854 etiarn
1025 796 1223 856 confirmatur
1238 799 1273 856 iis

186 900 456 973 locis,nbieaden1
474 900 631 978 promissio
648 901 817 978 repetitur,
842 900 886 958 uti
902 921 931 960 v.
951 922 977 958 c.
998 899 1048 979 (Il.
1066 901 1138 959 Mos.
1160 902 1271 961 XXIII.

187 1005 258 1087 25):
281 1027 295 1066 tr
304 1005 342 1064 Et
365 1007 511 1084 Jelrovam
531 1006 625 1063 Deum
647 1015 733 1062 tuum
758 1005 866 1076 colito,
889 1016 919 1064 et
940 1006 966 1064 Is
985 1007 1040 1065 tibi
1058 1007 1159 1065 cibum
1179 1009 1274 1087 potio-

187 1132 315 1191 nemque
335 1111 511 1171 exuberabit
531 1120 561 1168 et
574 1110 690 1167 morbos
712 1131 729 1166 a
746 1119 777 1166 te
799 1109 986 1188 depellam;''
1010 1121 1040 1168 et
1061 1111 1274 1191 (vatosvtl.

189 1214 267 1296 15.):
302 1216 483 1276 tPraeterea
508 1224 553 1274 tot
580 1215 673 1273 malos
691 1214 759 1273 illos
785 1212 916 1292 Aegypti
936 1214 1053 1272 morbos
1073 1224 1103 1273 et
1118 1214 1275 1294 languores

186 1319 302 1379 auferet
317 1341 335 1376 a
364 1319 448 1379 vobis
461 1319 593 1397 Jelrova,
607 1321 613 1353 ²
629 1338 724 1397 neque
744 1318 782 1375 iis
802 1339 856 1376 vos
877 1318 1005 1391 alliciet,
1031 1319 1082 1377 sed
1103 1340 1151 1379 eos
1172 1324 1273 1379 omni-

185 1424 238 1483 bus
258 1423 393 1482 hostibus
413 1423 522 1482 vestris
543 1423 717 1483 immittet.''
761 1422 794 1481 Si
814 1422 896 1480 enim
918 1423 1020 1481 omnia
1041 1423 1274 1485 haeclocaame

187 1527 277 1586 citata
299 1546 399 1584 secum
420 1526 555 1587 invicem
576 1546 801 1606 comparemus,
823 1548 925 1586 sensus
946 1528 1054 1606 absque
1073 1529 1166 1589 dubio
1184 1551 1274 1589 eore-

185 1632 248 1691 dit:
272 1632 354 1709 nEgo
375 1633 456 1691 Deus
478 1652 531 1690 vos
553 1652 571 1688 a
591 1631 703 1690 morbis
724 1633 873 1691 immunes
894 1633 1039 1692 servabo:
1054 1635 1072 1665 ”
1097 1634 1133 1692 tle
1157 1636 1273 1694 morbo-

184 1755 254 1794 rum
275 1755 350 1795 vero
365 1735 478 1793 medela
500 1757 647 1815 nusquam
668 1746 711 1794 est
731 1757 837 1795 sermo·
879 1739 938 1797 Nec
957 1738 1049 1797 etiam
1075 1760 1144 1796 cum
1162 1740 1200 1798 iis
1209 1762 1276 1800 sen-

185 1839 229 1900 tio
239 1885 248 1916 ,
270 1840 324 1918 qui
341 1849 466 1919 putant,
490 1840 700 1899 Tlreocratiam
720 1842 861 1900 Israelitis
874 1843 960 1920 quasi
972 1841 1060 1900 luisse
1078 1843 1275 1921 impedimen-

185 1957 238 2023 to,
261 1947 423 2026 quominus
450 1945 631 2005 medicinam
650 1947 798 2022 colerent5
822 1949 1001 2027 quibuscum
1019 1949 1095 2007 mihi
1118 1951 1272 2030 Sprengel,

186 2053 236 2115 vir
258 2052 485 2123 celeberrimus,
511 2054 607 2113 lacere
618 2053 759 2127 videtur,
782 2075 850 2112 cum
871 2053 967 2126 dieat,
994 2063 1128 2132 tempore
1148 2055 1274 2114 Davidis

184 2159 299 2219 nullam
331 2157 486 2217 scientiam
515 2156 595 2236 apud
618 2158 767 2216 Israelitas
794 2157 958 2229 exstitisse,
983 2158 1042 2216 nisi
1059 2159 1157 2236 legum
1175 2161 1274 2239 expli-

184 2263 332 2322 cationem
355 2262 435 2340 (29).
477 2260 576 2335 Nam,
595 2260 665 2318 licet
681 2280 753 2338 prae
773 2260 896 2318 caeteris
912 2261 1050 2319 omnibus
1070 2264 1204 2339 gentibus
1223 2267 1275 2324 sub

184 2369 243 2428 Dei
265 2377 362 2426 essent
381 2368 491 2436 tutela,
516 2367 570 2445 qui
593 2369 671 2446 ipsos
685 2367 721 2423 ab
742 2365 879 2424 omnibus
897 2366 983 2423 malis
1004 2377 1069 2424 erat
1087 2368 1272 2443 defensurus,

183 2481 284 2530 tamen
304 2470 374 2527 inde
391 2490 451 2527 non
473 2470 619 2549 sequitur,
642 2469 788 2528 Israelitas
809 2473 886 2548 ipsos
907 2471 985 2527 nihil
995 2473 1155 2532 contulisse
1167 2473 1203 2531 ad
1214 2476 1272 2532 cla-

183 2576 234 2633 des
259 2573 450 2632 amovendas.
491 2573 571 2631 Idem
603 2572 682 2630 enim
705 2574 819 2651 Jelaova
846 2574 883 2633 iis
905 2575 941 2633 de
959 2575 1091 2635 hostibus
1112 2578 1272 2637 victoriani

183 2679 365 2760 promiserat
383 2679 434 2758 (V.
455 2680 529 2738 Illos.
553 2679 691 2738 XXVIII:
716 2677 780 2756 5.),
802 2677 827 2735 si
849 2678 960 2757 legibus
986 2679 1046 2738 suis
1074 2681 1271 2762 obtemperas-

185 2793 271 2845 sent:
294 2803 349 2843 nec
377 2792 477 2842 tamen
497 2793 591 2841 artem
611 2783 774 2841 militarem
798 2783 958 2862 neglexisse
980 2784 1147 2860 Israelitas,
1177 2788 1273 2846 ubivis

182 2892 275 2969 hujus
295 2891 399 2970 populi
419 2889 546 2948 historia
564 2888 681 2948 abunde
699 2890 802 2966 ‹locet3
826 2910 923 2969 neque
950 2892 1181 2970 agriculturam,
1206 2895 1274 2953 licet

183 2995 299 3058 lehova
320 2995 468 3070 dixisset,
485 3015 587 3054 omnes
607 3015 711 3053 eorum
730 3013 778 3052 res
805 3015 960 3074 prosperas
979 2996 1062 3072 sore,
1091 3017 1204 3076 eosque
1225 3000 1273 3078 io

181 3121 227 3160 sos
246 3111 310 3161 tom
326 3100 359 3160 in
379 3101 468 3169 urbe,
487 3109 554 3167 tum
569 3099 637 3159 ruri
658 3099 756 3158 felices
782 3100 898 3160 futuros
926 3111 956 3161 et
987 3102 1070 3160 bonis
1096 3104 1130 3161 iu
1151 3105 1266 3183 pecoris

181 3215 212 3265 et
232 3206 272 3265 in·
289 3207 344 3265 soli
360 3207 442 3266 foetu
459 3206 625 3266 cumidatos
641 3207 685 3264 iri¹
708 3206 758 3287 (V.
781 3206 854 3266 Mos.
881 3206 1015 3265 XXVIII:
1040 3208 1078 3278 3,
1099 3206 1154 3286 9.).
1199 3209 1268 3268 Cer-

180 3309 296 3408 tissima
310 3309 389 3388 apud
408 3309 561 3370 Hebraeos
568 3309 717 3369 medicina
733 3310 863 3387 practica
875 3309 907 3368 in
917 3311 1007 3368 initio
1023 3333 1084 3369 non
1108 3313 1166 3370 nisi
1187 3335 1269 3371 mor-

212 3485 259 3542 (29)
276 3485 456 3530 Versucheiner
470 3487 560 3541 Pragm.
577 3474 661 3525 Gesclr.¹
677 3483 717 3524 der
736 3482 910 3538 Arzneykuude.
938 3483 1002 3526 ¹121.
1024 3485 1057 3526 ed.
1081 3484 1145 3526 1821.
1168 3502 1191 3540 p.
1219 3487 1267 3528 108.

179 3552 256 3610 Etiam
272 3569 299 3610 L.
314 3568 346 3609 H.
356 3568 525 3610 Fnrsuuiinmm
534 3574 544 3616 ‚¹
555 3564 720 3618 (vorlesungen
726 3564 782 3605 tiber
789 3565 824 3606 die
830 3565 964 3606 Geschichto
971 3565 1009 3606 der
1024 3565 1168 3616 Heilkunde,
1184 3568 1267 3610 Hettl.

179 3650 296 3706 Leipzig,
313 3634 376 3692 183'8.
396 3665 419 3704 p.
433 3635 481 3706 30.)
498 3650 567 3697 dicit,
586 3656 686 3703 tempore
701 3645 825 3687 Salomonis
846 3652 905 3688 artes
919 3647 1068 3702 scientiasquc
1087 3649 1185 3690 nondum
1198 3665 1211 3690 a
1225 3665 1264 3704 po-

179 3731 233 3785 pulo
253 3731 325 3773 cultas
339 3731 418 3773 fuisse.
450 3731 503 3773 Non
517 3732 584 3787 plane
603 3730 646 3772 sibi
664 3733 766 3768 constare
786 3726 876 3769 videtur
892 3727 948 3769 mihi
972 3737 1066 3779 auctor,
1083 3744 1152 3784 quum
1175 3728 1207 3784 (p.
1223 3733 1269 3784 ¹28.)

178 3813 206 3855 ‹lo
227 3813 322 3856 scientia
338 3815 409 3856 Mosis
421 3813 525 3856 dixisset:
545 3831 588 3858 n·-
603 3813 649 3854 uml
662 3812 827 3854 darumliaben
840 3827 867 3854 zu
880 3813 941 3855 allen
955 3814 1033 3856 Zeitrn
1045 3815 1175 3877 disgressen
1183 3817 1271 3857 Kennt-

187 3898 246 3939 nisse
274 3899 313 3939 der
334 3897 410 3940 Natur
431 3898 478 3941 und
504 3896 644 3944 Heitkunst,
667 3893 752 3935 welche
776 3895 816 3936 der
837 3893 980 3950 Gesetzgrber
1001 3897 1082 3938 Israiils
1108 3912 1136 3939 au
1162 3898 1204 3937 ‹lrn
1224 3897 1271 3949 'sag

178 3979 443 4037 legte,}Bervun1lerung
463 3979 560 4033 “regist
592 3977 628 4019 cf.
646 3976 712 4018 etiam
726 3989 749 4029 p.
766 3975 802 4019 99.
