<?xml version="1.0" encoding="UTF-8"?>
<!DOCTYPE html PUBLIC "-//W3C//DTD XHTML 1.0 Transitional//EN"
    "http://www.w3.org/TR/xhtml1/DTD/xhtml1-transitional.dtd">
<html xmlns="http://www.w3.org/1999/xhtml" xml:lang="en" lang="en">
 <head>
  <title>
</title>
<meta http-equiv="Content-Type" content="text/html;charset=utf-8" />
  <meta name='ocr-system' content='tesseract 3.04.00' />
  <meta name='ocr-capabilities' content='ocr_page ocr_carea ocr_par ocr_line ocrx_word'/>
</head>
<body>
  <div class='ocr_page' id='page_1' title='image "./dissertatiohist00sijbgoog_0034.png"; bbox 0 0 2754 4710; ppageno 0'>
   <div class='ocr_carea' id='block_1_1' title="bbox 571 420 771 476">
    <p class='ocr_par' dir='ltr' id='par_1_1' title="bbox 571 420 771 476">
     <span class='ocr_line' id='line_1_1' title="bbox 571 420 771 476; baseline 0.005 -13"><span class='ocrx_word' id='word_1_1' title='bbox 571 452 609 462; x_wconf 86' lang='grc'>..</span> <span class='ocrx_word' id='word_1_2' title='bbox 655 420 771 476; x_wconf 80' lang='lat'>17...</span> 
     </span>
    </p>
   </div>
   <div class='ocr_carea' id='block_1_2' title="bbox 125 578 1218 2125">
    <p class='ocr_par' dir='ltr' id='par_1_2' title="bbox 125 578 1218 2125">
     <span class='ocr_line' id='line_1_2' title="bbox 125 578 1208 663; baseline 0.002 -24"><span class='ocrx_word' id='word_1_3' title='bbox 125 600 198 639; x_wconf 79' lang='lat' dir='ltr'>aicm</span> <span class='ocrx_word' id='word_1_4' title='bbox 229 598 296 635; x_wconf 90' lang='lat' dir='ltr'>cnm</span> <span class='ocrx_word' id='word_1_5' title='bbox 327 579 389 635; x_wconf 84' lang='lat' dir='ltr'>Deo</span> <span class='ocrx_word' id='word_1_6' title='bbox 423 578 625 654; x_wconf 66' lang='lat' dir='ltr'>omnipotente</span> <span class='ocrx_word' id='word_1_7' title='bbox 646 578 804 651; x_wconf 77' lang='lat' dir='ltr'>habebant,</span> <span class='ocrx_word' id='word_1_8' title='bbox 828 582 877 637; x_wconf 90' lang='lat' dir='ltr'>cni</span> <span class='ocrx_word' id='word_1_9' title='bbox 903 592 933 639; x_wconf 90' lang='lat' dir='ltr'>et</span> <span class='ocrx_word' id='word_1_10' title='bbox 952 603 1005 661; x_wconf 89' lang='lat' dir='ltr'>per</span> <span class='ocrx_word' id='word_1_11' title='bbox 1023 582 1077 642; x_wconf 90' lang='lat' dir='ltr'>hos</span> <span class='ocrx_word' id='word_1_12' title='bbox 1103 586 1208 663; x_wconf 90' lang='lat' dir='ltr'>populi</span> 
     </span>
     <span class='ocr_line' id='line_1_3' title="bbox 125 680 1208 766; baseline 0.007 -27"><span class='ocrx_word' id='word_1_13' title='bbox 125 701 229 760; x_wconf 86' lang='lat' dir='ltr'>preces</span> <span class='ocrx_word' id='word_1_14' title='bbox 246 680 459 754; x_wconf 78' lang='lat' dir='ltr'>ollerebantur3</span> <span class='ocrx_word' id='word_1_15' title='bbox 483 680 593 759; x_wconf 89' lang='lat' dir='ltr'>unique</span> <span class='ocrx_word' id='word_1_16' title='bbox 609 682 746 743; x_wconf 82' lang='lat' dir='ltr'>Pontifici</span> <span class='ocrx_word' id='word_1_17' title='bbox 766 686 897 744; x_wconf 79' lang='lat' dir='ltr'>maximo</span> <span class='ocrx_word' id='word_1_18' title='bbox 912 689 1108 766; x_wconf 88' lang='lat' dir='ltr'>quovisanno</span> <span class='ocrx_word' id='word_1_19' title='bbox 1120 692 1208 750; x_wconf 85' lang='lat' dir='ltr'>semel</span> 
     </span>
     <span class='ocr_line' id='line_1_4' title="bbox 125 785 1209 887; baseline 0.008 -44"><span class='ocrx_word' id='word_1_20' title='bbox 125 785 283 887; x_wconf 59' lang='lat' dir='ltr'>penetrale</span> <span class='ocrx_word' id='word_1_21' title='bbox 299 785 515 843; x_wconf 87' lang='lat' dir='ltr'>sanctissimum</span> <span class='ocrx_word' id='word_1_22' title='bbox 535 787 657 868; x_wconf 80' lang='lat' dir='ltr'>templi,</span> <span class='ocrx_word' id='word_1_23' title='bbox 688 788 739 846; x_wconf 91' lang='lat' dir='ltr'>ubi</span> <span class='ocrx_word' id='word_1_24' title='bbox 765 790 914 869; x_wconf 87' lang='lat' dir='ltr'>imprimis</span> <span class='ocrx_word' id='word_1_25' title='bbox 942 791 1058 851; x_wconf 82' lang='lat' dir='ltr'>lehova</span> <span class='ocrx_word' id='word_1_26' title='bbox 1076 795 1209 853; x_wconf 88' lang='lat' dir='ltr'>habitare</span> 
     </span>
     <span class='ocr_line' id='line_1_5' title="bbox 125 890 1207 974; baseline 0.006 -23"><span class='ocrx_word' id='word_1_27' title='bbox 125 891 303 951; x_wconf 76' lang='lat' dir='ltr'>credebatur</span> <span class='ocrx_word' id='word_1_28' title='bbox 322 891 464 968; x_wconf 89' lang='lat' dir='ltr'>cujusque</span> <span class='ocrx_word' id='word_1_29' title='bbox 481 890 608 948; x_wconf 89' lang='lat' dir='ltr'>aliorum</span> <span class='ocrx_word' id='word_1_30' title='bbox 622 895 738 953; x_wconf 89' lang='lat' dir='ltr'>nemini</span> <span class='ocrx_word' id='word_1_31' title='bbox 749 896 845 954; x_wconf 87' lang='lat' dir='ltr'>aditus</span> <span class='ocrx_word' id='word_1_32' title='bbox 854 896 988 974; x_wconf 86' lang='lat' dir='ltr'>patebat,</span> <span class='ocrx_word' id='word_1_33' title='bbox 1010 898 1125 956; x_wconf 88' lang='lat' dir='ltr'>intrare</span> <span class='ocrx_word' id='word_1_34' title='bbox 1136 899 1207 957; x_wconf 86' lang='lat' dir='ltr'>lice-</span> 
     </span>
     <span class='ocr_line' id='line_1_6' title="bbox 125 995 1210 1080; baseline 0.007 -27"><span class='ocrx_word' id='word_1_35' title='bbox 125 997 189 1053; x_wconf 87' lang='lat' dir='ltr'>bat.</span> <span class='ocrx_word' id='word_1_36' title='bbox 233 997 300 1053; x_wconf 85' lang='lat' dir='ltr'>Jain</span> <span class='ocrx_word' id='word_1_37' title='bbox 322 997 335 1072; x_wconf 59' lang='grc' dir='ltr'>ᾗ</span> <span class='ocrx_word' id='word_1_38' title='bbox 359 997 377 1052; x_wconf 86' lang='grc'><strong>7</strong></span> <span class='ocrx_word' id='word_1_39' title='bbox 405 995 646 1073; x_wconf 79' lang='lat' dir='ltr'>observavimus,</span> <span class='ocrx_word' id='word_1_40' title='bbox 671 1012 703 1058; x_wconf 92' lang='lat' dir='ltr'>ut</span> <span class='ocrx_word' id='word_1_41' title='bbox 731 1005 812 1060; x_wconf 87' lang='lat' dir='ltr'>Deus</span> <span class='ocrx_word' id='word_1_42' title='bbox 827 1003 959 1073; x_wconf 81' lang='lat' dir='ltr'><strong>morbos,</strong></span> <span class='ocrx_word' id='word_1_43' title='bbox 984 1023 1057 1080; x_wconf 88' lang='lat' dir='ltr'>quos</span> <span class='ocrx_word' id='word_1_44' title='bbox 1077 1003 1210 1061; x_wconf 89' lang='lat' dir='ltr'>immise-</span> 
     </span>
     <span class='ocr_line' id='line_1_7' title="bbox 125 1102 1207 1184; baseline 0 -23"><span class='ocrx_word' id='word_1_45' title='bbox 125 1104 196 1177; x_wconf 80' lang='lat' dir='ltr'>rat,</span> <span class='ocrx_word' id='word_1_46' title='bbox 215 1102 349 1177; x_wconf 86' lang='lat' dir='ltr'>tolleret,</span> <span class='ocrx_word' id='word_1_47' title='bbox 381 1122 480 1180; x_wconf 88' lang='lat' dir='ltr'>preces</span> <span class='ocrx_word' id='word_1_48' title='bbox 512 1103 561 1161; x_wconf 89' lang='lat' dir='ltr'>vel</span> <span class='ocrx_word' id='word_1_49' title='bbox 588 1103 733 1163; x_wconf 87' lang='lat' dir='ltr'>sacrificia</span> <span class='ocrx_word' id='word_1_50' title='bbox 760 1128 777 1162; x_wconf 92' lang='lat' dir='ltr'>a</span> <span class='ocrx_word' id='word_1_51' title='bbox 803 1106 912 1184; x_wconf 90' lang='lat' dir='ltr'>populo</span> <span class='ocrx_word' id='word_1_52' title='bbox 936 1104 1069 1163; x_wconf 84' lang='lat' dir='ltr'>adhibita</span> <span class='ocrx_word' id='word_1_53' title='bbox 1099 1105 1207 1163; x_wconf 84' lang='lat' dir='ltr'>fuisse:</span> 
     </span>
     <span class='ocr_line' id='line_1_8' title="bbox 126 1204 1213 1295; baseline 0 -31"><span class='ocrx_word' id='word_1_54' title='bbox 126 1207 172 1264; x_wconf 92' lang='lat' dir='ltr'>sic</span> <span class='ocrx_word' id='word_1_55' title='bbox 196 1205 293 1295; x_wconf 82' lang='lat' dir='ltr'>Moses</span> <span class='ocrx_word' id='word_1_56' title='bbox 313 1204 485 1282; x_wconf 77' lang='lat' dir='ltr'><strong>deprecatus</strong></span> <span class='ocrx_word' id='word_1_57' title='bbox 512 1215 572 1282; x_wconf 84' lang='lat' dir='ltr'>est,</span> <span class='ocrx_word' id='word_1_58' title='bbox 595 1218 628 1265; x_wconf 91' lang='lat' dir='ltr'>ut</span> <span class='ocrx_word' id='word_1_59' title='bbox 644 1209 739 1268; x_wconf 85' lang='lat' dir='ltr'>Maria</span> <span class='ocrx_word' id='word_1_60' title='bbox 758 1210 840 1287; x_wconf 90' lang='lat' dir='ltr'>lepra</span> <span class='ocrx_word' id='word_1_61' title='bbox 865 1210 1060 1284; x_wconf 89' lang='lat' dir='ltr'>liberaretur,</span> <span class='ocrx_word' id='word_1_62' title='bbox 1083 1218 1114 1266; x_wconf 90' lang='lat' dir='ltr'>et</span> <span class='ocrx_word' id='word_1_63' title='bbox 1131 1208 1213 1266; x_wconf 81' lang='lat' dir='ltr'>Aba·</span> 
     </span>
     <span class='ocr_line' id='line_1_9' title="bbox 126 1310 1214 1399; baseline 0.001 -31"><span class='ocrx_word' id='word_1_64' title='bbox 126 1333 187 1370; x_wconf 86' lang='lat' dir='ltr'>ron</span> <span class='ocrx_word' id='word_1_65' title='bbox 206 1310 342 1370; x_wconf 62' lang='lat' dir='ltr'>„leliovae</span> <span class='ocrx_word' id='word_1_66' title='bbox 356 1311 551 1399; x_wconf 76' lang='lat' dir='ltr'>sacrificavit,</span> <span class='ocrx_word' id='word_1_67' title='bbox 577 1322 612 1369; x_wconf 89' lang='lat' dir='ltr'>nt</span> <span class='ocrx_word' id='word_1_68' title='bbox 631 1313 751 1372; x_wconf 86' lang='lat' dir='ltr'>morbus</span> <span class='ocrx_word' id='word_1_69' title='bbox 773 1314 840 1385; x_wconf 89' lang='lat' dir='ltr'>ille,</span> <span class='ocrx_word' id='word_1_70' title='bbox 867 1334 926 1392; x_wconf 92' lang='lat' dir='ltr'>qno</span> <span class='ocrx_word' id='word_1_71' title='bbox 942 1323 987 1371; x_wconf 88' lang='lat' dir='ltr'>tot</span> <span class='ocrx_word' id='word_1_72' title='bbox 1004 1313 1101 1370; x_wconf 88' lang='lat' dir='ltr'>millia</span> <span class='ocrx_word' id='word_1_73' title='bbox 1117 1313 1214 1391; x_wconf 90' lang='lat' dir='ltr'>perie-</span> 
     </span>
     <span class='ocr_line' id='line_1_10' title="bbox 129 1404 1214 1496; baseline -0.001 -22"><span class='ocrx_word' id='word_1_74' title='bbox 129 1427 220 1491; x_wconf 82' lang='lat' dir='ltr'>rant,</span> <span class='ocrx_word' id='word_1_75' title='bbox 242 1404 392 1474; x_wconf 76' lang='lat' dir='ltr'>desineret¹</span> <span class='ocrx_word' id='word_1_76' title='bbox 402 1463 410 1489; x_wconf 95' lang='lat'>,</span> <span class='ocrx_word' id='word_1_77' title='bbox 433 1417 594 1494; x_wconf 76' lang='lat' dir='ltr'>curtemque</span> <span class='ocrx_word' id='word_1_78' title='bbox 615 1418 702 1477; x_wconf 91' lang='lat' dir='ltr'>modo</span> <span class='ocrx_word' id='word_1_79' title='bbox 721 1419 889 1477; x_wconf 80' lang='lat' dir='ltr'>rexDavid</span> <span class='ocrx_word' id='word_1_80' title='bbox 907 1420 924 1476; x_wconf 90' lang='lat' dir='ltr'>J</span> <span class='ocrx_word' id='word_1_81' title='bbox 927 1418 1040 1477; x_wconf 78' lang='lat' dir='ltr'>eborae</span> <span class='ocrx_word' id='word_1_82' title='bbox 1059 1418 1135 1475; x_wconf 90' lang='lat' dir='ltr'>iram</span> <span class='ocrx_word' id='word_1_83' title='bbox 1148 1418 1214 1496; x_wconf 88' lang='lat' dir='ltr'>pla-</span> 
     </span>
     <span class='ocr_line' id='line_1_11' title="bbox 130 1522 1214 1603; baseline -0.001 -22"><span class='ocrx_word' id='word_1_84' title='bbox 130 1524 225 1581; x_wconf 85' lang='lat' dir='ltr'>cavit.</span> <span class='ocrx_word' id='word_1_85' title='bbox 267 1523 310 1579; x_wconf 90' lang='lat' dir='ltr'>lta</span> <span class='ocrx_word' id='word_1_86' title='bbox 333 1522 662 1603; x_wconf 34' lang='lat' dir='ltr'>sacerdotes,‚·quippe</span> <span class='ocrx_word' id='word_1_87' title='bbox 691 1524 744 1602; x_wconf 85' lang='lat' dir='ltr'>qui</span> <span class='ocrx_word' id='word_1_88' title='bbox 764 1524 914 1602; x_wconf 84' lang='lat' dir='ltr'>imprimis</span> <span class='ocrx_word' id='word_1_89' title='bbox 935 1545 1018 1582; x_wconf 89' lang='lat' dir='ltr'>sacra</span> <span class='ocrx_word' id='word_1_90' title='bbox 1047 1523 1214 1596; x_wconf 83' lang='lat' dir='ltr'>faciebant,</span> 
     </span>
     <span class='ocr_line' id='line_1_12' title="bbox 132 1627 1217 1707; baseline -0.003 -20"><span class='ocrx_word' id='word_1_91' title='bbox 132 1639 213 1687; x_wconf 86' lang='lat' dir='ltr'>certe</span> <span class='ocrx_word' id='word_1_92' title='bbox 237 1629 262 1686; x_wconf 91' lang='lat' dir='ltr'>si</span> <span class='ocrx_word' id='word_1_93' title='bbox 277 1649 381 1706; x_wconf 71' lang='lat' dir='ltr'>graves</span> <span class='ocrx_word' id='word_1_94' title='bbox 396 1629 492 1686; x_wconf 88' lang='lat' dir='ltr'>morbi</span> <span class='ocrx_word' id='word_1_95' title='bbox 510 1637 734 1707; x_wconf 79' lang='lat' dir='ltr'>grassarentur,</span> <span class='ocrx_word' id='word_1_96' title='bbox 762 1649 817 1705; x_wconf 90' lang='lat' dir='ltr'>pro</span> <span class='ocrx_word' id='word_1_97' title='bbox 833 1629 943 1707; x_wconf 93' lang='lat' dir='ltr'>populo</span> <span class='ocrx_word' id='word_1_98' title='bbox 961 1628 1107 1707; x_wconf 88' lang='lat' dir='ltr'>supplices</span> <span class='ocrx_word' id='word_1_99' title='bbox 1124 1627 1217 1686; x_wconf 84' lang='lat' dir='ltr'>exsti·</span> 
     </span>
     <span class='ocr_line' id='line_1_13' title="bbox 136 1730 1216 1809; baseline -0.003 -19"><span class='ocrx_word' id='word_1_100' title='bbox 136 1741 257 1805; x_wconf 74' lang='lat' dir='ltr'>terunt,</span> <span class='ocrx_word' id='word_1_101' title='bbox 281 1731 360 1808; x_wconf 87' lang='lat' dir='ltr'>quod</span> <span class='ocrx_word' id='word_1_102' title='bbox 381 1732 470 1788; x_wconf 90' lang='lat' dir='ltr'>etiam</span> <span class='ocrx_word' id='word_1_103' title='bbox 494 1741 595 1809; x_wconf 88' lang='lat' dir='ltr'>patere</span> <span class='ocrx_word' id='word_1_104' title='bbox 616 1731 692 1790; x_wconf 84' lang='lat' dir='ltr'>inibi</span> <span class='ocrx_word' id='word_1_105' title='bbox 713 1730 834 1788; x_wconf 87' lang='lat' dir='ltr'>videtur</span> <span class='ocrx_word' id='word_1_106' title='bbox 851 1751 887 1789; x_wconf 87' lang='lat' dir='ltr'>ex</span> <span class='ocrx_word' id='word_1_107' title='bbox 906 1731 960 1805; x_wconf 88' lang='lat' dir='ltr'>iis,</span> <span class='ocrx_word' id='word_1_108' title='bbox 984 1752 1059 1808; x_wconf 90' lang='lat' dir='ltr'>quae</span> <span class='ocrx_word' id='word_1_109' title='bbox 1075 1732 1216 1791; x_wconf 87' lang='lat' dir='ltr'>Salomon</span> 
     </span>
     <span class='ocr_line' id='line_1_14' title="bbox 136 1836 1218 1913; baseline -0.002 -19"><span class='ocrx_word' id='word_1_110' title='bbox 136 1856 208 1907; x_wconf 83' lang='lat' dir='ltr'>rex,</span> <span class='ocrx_word' id='word_1_111' title='bbox 242 1856 335 1913; x_wconf 89' lang='lat' dir='ltr'>quum</span> <span class='ocrx_word' id='word_1_112' title='bbox 362 1837 508 1912; x_wconf 88' lang='lat' dir='ltr'>templum</span> <span class='ocrx_word' id='word_1_113' title='bbox 534 1836 700 1911; x_wconf 87' lang='lat' dir='ltr'>dedicaret,</span> <span class='ocrx_word' id='word_1_114' title='bbox 732 1858 749 1893; x_wconf 87' lang='lat' dir='ltr'>a</span> <span class='ocrx_word' id='word_1_115' title='bbox 765 1836 879 1895; x_wconf 88' lang='lat' dir='ltr'>Jehova</span> <span class='ocrx_word' id='word_1_116' title='bbox 900 1837 1029 1913; x_wconf 85' lang='lat' dir='ltr'>petivit,</span> <span class='ocrx_word' id='word_1_117' title='bbox 1051 1847 1085 1895; x_wconf 84' lang='lat' dir='ltr'>ut</span> <span class='ocrx_word' id='word_1_118' title='bbox 1104 1838 1218 1895; x_wconf 89' lang='lat' dir='ltr'>scilicet</span> 
     </span>
     <span class='ocr_line' id='line_1_15' title="bbox 137 1938 1218 2021; baseline -0.001 -21"><span class='ocrx_word' id='word_1_119' title='bbox 137 1938 255 2000; x_wconf 84' lang='lat' dir='ltr'>morbos</span> <span class='ocrx_word' id='word_1_120' title='bbox 276 1952 446 2016; x_wconf 85' lang='lat' dir='ltr'>amoveret,</span> <span class='ocrx_word' id='word_1_121' title='bbox 477 1943 502 1999; x_wconf 90' lang='lat' dir='ltr'>si</span> <span class='ocrx_word' id='word_1_122' title='bbox 523 1943 561 2000; x_wconf 86' lang='lat' dir='ltr'>ad</span> <span class='ocrx_word' id='word_1_123' title='bbox 580 1943 657 2001; x_wconf 90' lang='lat' dir='ltr'>hanc</span> <span class='ocrx_word' id='word_1_124' title='bbox 678 1943 779 2000; x_wconf 87' lang='lat' dir='ltr'>aedem</span> <span class='ocrx_word' id='word_1_125' title='bbox 802 1963 907 1999; x_wconf 87' lang='lat' dir='ltr'>manns</span> <span class='ocrx_word' id='word_1_126' title='bbox 927 1943 1103 2009; x_wconf 71' lang='lat' dir='ltr'>extenderet</span> <span class='ocrx_word' id='word_1_127' title='bbox 1122 1962 1218 2021; x_wconf 88' lang='lat' dir='ltr'>popu-</span> 
     </span>
     <span class='ocr_line' id='line_1_16' title="bbox 138 2045 995 2125; baseline -0.005 -20"><span class='ocrx_word' id='word_1_128' title='bbox 138 2047 203 2122; x_wconf 87' lang='lat' dir='ltr'>lus;</span> <span class='ocrx_word' id='word_1_129' title='bbox 227 2046 390 2125; x_wconf 73' lang='lat' dir='ltr'>sacerdotes</span> <span class='ocrx_word' id='word_1_130' title='bbox 411 2047 491 2103; x_wconf 91' lang='lat' dir='ltr'>enim</span> <span class='ocrx_word' id='word_1_131' title='bbox 511 2047 600 2122; x_wconf 88' lang='lat' dir='ltr'>hujus</span> <span class='ocrx_word' id='word_1_132' title='bbox 622 2047 727 2124; x_wconf 87' lang='lat' dir='ltr'>templi</span> <span class='ocrx_word' id='word_1_133' title='bbox 748 2055 834 2102; x_wconf 84' lang='lat' dir='ltr'>erant</span> <span class='ocrx_word' id='word_1_134' title='bbox 855 2045 995 2103; x_wconf 87' lang='lat' dir='ltr'>ministri·</span> 
     </span>
    </p>
   </div>
   <div class='ocr_carea' id='block_1_3' title="bbox 637 2224 727 2336">
    <p class='ocr_par' dir='ltr' id='par_1_3' title="bbox 637 2224 727 2336">
     <span class='ocr_line' id='line_1_17' title="bbox 637 2224 727 2336; baseline -0.067 -19"><span class='ocrx_word' id='word_1_135' title='bbox 637 2254 657 2336; x_wconf 69' lang='lat' dir='ltr'>t</span> <span class='ocrx_word' id='word_1_136' title='bbox 679 2224 727 2316; x_wconf 74' lang='lat' dir='ltr'>ni,</span> 
     </span>
    </p>
   </div>
   <div class='ocr_carea' id='block_1_4' title="bbox 140 2460 1225 3483">
    <p class='ocr_par' dir='ltr' id='par_1_4' title="bbox 140 2460 1225 3483">
     <span class='ocr_line' id='line_1_18' title="bbox 181 2460 1219 2541; baseline -0.007 -17"><span class='ocrx_word' id='word_1_137' title='bbox 181 2469 262 2541; x_wconf 81' lang='lat' dir='ltr'>Quae</span> <span class='ocrx_word' id='word_1_138' title='bbox 276 2475 375 2523; x_wconf 87' lang='lat' dir='ltr'>tamen</span> <span class='ocrx_word' id='word_1_139' title='bbox 400 2465 527 2522; x_wconf 86' lang='lat' dir='ltr'>comita</span> <span class='ocrx_word' id='word_1_140' title='bbox 549 2464 627 2537; x_wconf 86' lang='lat' dir='ltr'>sint,</span> <span class='ocrx_word' id='word_1_141' title='bbox 658 2463 790 2521; x_wconf 89' lang='lat' dir='ltr'>nondum</span> <span class='ocrx_word' id='word_1_142' title='bbox 818 2472 917 2541; x_wconf 86' lang='lat' dir='ltr'>patet,</span> <span class='ocrx_word' id='word_1_143' title='bbox 937 2461 1099 2520; x_wconf 83' lang='lat' dir='ltr'>sacerdotes</span> <span class='ocrx_word' id='word_1_144' title='bbox 1124 2460 1219 2518; x_wconf 85' lang='lat' dir='ltr'>medi-</span> 
     </span>
     <span class='ocr_line' id='line_1_19' title="bbox 141 2564 1221 2630; baseline -0.009 0"><span class='ocrx_word' id='word_1_145' title='bbox 141 2571 237 2630; x_wconf 87' lang='lat' dir='ltr'>cinam</span> <span class='ocrx_word' id='word_1_146' title='bbox 254 2570 429 2628; x_wconf 84' lang='lat' dir='ltr'>exercnisse.</span> <span class='ocrx_word' id='word_1_147' title='bbox 470 2569 528 2627; x_wconf 90' lang='lat' dir='ltr'>Eos</span> <span class='ocrx_word' id='word_1_148' title='bbox 548 2568 730 2626; x_wconf 87' lang='lat' dir='ltr'>medicorum</span> <span class='ocrx_word' id='word_1_149' title='bbox 748 2588 870 2625; x_wconf 86' lang='lat' dir='ltr'>munere</span> <span class='ocrx_word' id='word_1_150' title='bbox 890 2567 1006 2626; x_wconf 85' lang='lat' dir='ltr'>sanctos</span> <span class='ocrx_word' id='word_1_151' title='bbox 1035 2585 1096 2624; x_wconf 86' lang='lat' dir='ltr'>esse</span> <span class='ocrx_word' id='word_1_152' title='bbox 1117 2564 1221 2623; x_wconf 81' lang='lat' dir='ltr'>existi-</span> 
     </span>
     <span class='ocr_line' id='line_1_20' title="bbox 141 2670 1220 2752; baseline -0.006 -18"><span class='ocrx_word' id='word_1_153' title='bbox 141 2684 261 2734; x_wconf 86' lang='lat' dir='ltr'>marunt</span> <span class='ocrx_word' id='word_1_154' title='bbox 281 2673 344 2731; x_wconf 89' lang='lat' dir='ltr'>viri</span> <span class='ocrx_word' id='word_1_155' title='bbox 373 2673 469 2730; x_wconf 86' lang='lat' dir='ltr'>docti:</span> <span class='ocrx_word' id='word_1_156' title='bbox 501 2672 563 2748; x_wconf 90' lang='lat' dir='ltr'>jam</span> <span class='ocrx_word' id='word_1_157' title='bbox 591 2671 669 2729; x_wconf 88' lang='lat' dir='ltr'>doct.</span> <span class='ocrx_word' id='word_1_158' title='bbox 691 2670 771 2730; x_wconf 84' lang='lat' dir='ltr'>Vink</span> <span class='ocrx_word' id='word_1_159' title='bbox 792 2672 859 2752; x_wconf 85' lang='lat'><strong>(33)</strong></span> <span class='ocrx_word' id='word_1_160' title='bbox 879 2671 1045 2729; x_wconf 86' lang='lat' dir='ltr'>sacerdotes</span> <span class='ocrx_word' id='word_1_161' title='bbox 1066 2671 1145 2748; x_wconf 89' lang='lat' dir='ltr'>apud</span> <span class='ocrx_word' id='word_1_162' title='bbox 1164 2671 1220 2728; x_wconf 87' lang='lat' dir='ltr'>lle·</span> 
     </span>
     <span class='ocr_line' id='line_1_21' title="bbox 140 2771 1222 2852; baseline -0.007 -15"><span class='ocrx_word' id='word_1_163' title='bbox 140 2780 241 2839; x_wconf 86' lang='lat' dir='ltr'>braeos</span> <span class='ocrx_word' id='word_1_164' title='bbox 273 2778 452 2836; x_wconf 85' lang='lat' dir='ltr'>medicinam</span> <span class='ocrx_word' id='word_1_165' title='bbox 481 2776 582 2834; x_wconf 84' lang='lat' dir='ltr'>secisse</span> <span class='ocrx_word' id='word_1_166' title='bbox 602 2774 771 2849; x_wconf 76' lang='lat' dir='ltr'>contendit,</span> <span class='ocrx_word' id='word_1_167' title='bbox 793 2785 822 2833; x_wconf 90' lang='lat' dir='ltr'>et</span> <span class='ocrx_word' id='word_1_168' title='bbox 838 2773 993 2833; x_wconf 70' lang='lat' dir='ltr'>Michaelis</span> <span class='ocrx_word' id='word_1_169' title='bbox 1014 2771 1081 2852; x_wconf 71' lang='lat'>(34)</span> <span class='ocrx_word' id='word_1_170' title='bbox 1103 2773 1222 2830; x_wconf 87' lang='lat' dir='ltr'>Levites</span> 
     </span>
     <span class='ocr_line' id='line_1_22' title="bbox 142 2876 1220 2957; baseline -0.011 -14"><span class='ocrx_word' id='word_1_171' title='bbox 142 2906 210 2943; x_wconf 90' lang='lat' dir='ltr'>cum</span> <span class='ocrx_word' id='word_1_172' title='bbox 226 2903 261 2940; x_wconf 91' lang='lat' dir='ltr'>eo</span> <span class='ocrx_word' id='word_1_173' title='bbox 282 2881 425 2938; x_wconf 84' lang='lat' dir='ltr'>inferiore</span> <span class='ocrx_word' id='word_1_174' title='bbox 458 2881 643 2939; x_wconf 85' lang='lat' dir='ltr'>sacerdotum</span> <span class='ocrx_word' id='word_1_175' title='bbox 672 2879 887 2957; x_wconf 82' lang='lat' dir='ltr'>Acgyptiorum</span> <span class='ocrx_word' id='word_1_176' title='bbox 918 2876 1023 2934; x_wconf 90' lang='lat' dir='ltr'>ordine</span> <span class='ocrx_word' id='word_1_177' title='bbox 1037 2886 1220 2952; x_wconf 76' lang='lat' dir='ltr'>comparat,</span> 
     </span>
     <span class='ocr_line' id='line_1_23' title="bbox 144 2978 1223 3068; baseline -0.013 -20"><span class='ocrx_word' id='word_1_178' title='bbox 144 2991 211 3068; x_wconf 86' lang='lat' dir='ltr'>qui,</span> <span class='ocrx_word' id='word_1_179' title='bbox 237 2992 265 3046; x_wconf 84' lang='grc' dir='ltr'>οἱ</span> <span class='ocrx_word' id='word_1_180' title='bbox 279 2992 416 3063; x_wconf 76' lang='grc' dir='ltr'><em>νεωκόροι</em></span> <span class='ocrx_word' id='word_1_181' title='bbox 430 2983 547 3057; x_wconf 90' lang='lat' dir='ltr'>vocati,</span> <span class='ocrx_word' id='word_1_182' title='bbox 571 2983 749 3041; x_wconf 90' lang='lat' dir='ltr'>medicinam</span> <span class='ocrx_word' id='word_1_183' title='bbox 767 2980 928 3058; x_wconf 87' lang='lat' dir='ltr'>practicam</span> <span class='ocrx_word' id='word_1_184' title='bbox 937 2978 1103 3049; x_wconf 85' lang='lat' dir='ltr'>faciebant;</span> <span class='ocrx_word' id='word_1_185' title='bbox 1125 2979 1223 3056; x_wconf 83' lang='lat' dir='ltr'>iisque</span> 
     </span>
     <span class='ocr_line' id='line_1_24' title="bbox 144 3077 1224 3159; baseline -0.018 -5"><span class='ocrx_word' id='word_1_186' title='bbox 144 3095 290 3156; x_wconf 87' lang='lat' dir='ltr'>medicam</span> <span class='ocrx_word' id='word_1_187' title='bbox 318 3102 413 3150; x_wconf 85' lang='lat' dir='ltr'>artem</span> <span class='ocrx_word' id='word_1_188' title='bbox 444 3090 633 3150; x_wconf 89' lang='lat' dir='ltr'>commissam</span> <span class='ocrx_word' id='word_1_189' title='bbox 661 3089 750 3146; x_wconf 78' lang='lat' dir='ltr'>scisse</span> <span class='ocrx_word' id='word_1_190' title='bbox 773 3083 850 3143; x_wconf 83' lang='lat' dir='ltr'>dicit</span> <span class='ocrx_word' id='word_1_191' title='bbox 868 3081 1058 3141; x_wconf 80' lang='lat' dir='ltr'>Askermann</span> <span class='ocrx_word' id='word_1_192' title='bbox 1080 3077 1167 3159; x_wconf 81' lang='lat'>(35):</span> <span class='ocrx_word' id='word_1_193' title='bbox 1190 3089 1224 3137; x_wconf 91' lang='lat' dir='ltr'>ut</span> 
     </span>
     <span class='ocr_line' id='line_1_25' title="bbox 144 3181 1224 3270; baseline -0.017 -15"><span class='ocrx_word' id='word_1_194' title='bbox 144 3197 177 3255; x_wconf 89' lang='lat' dir='ltr'>de</span> <span class='ocrx_word' id='word_1_195' title='bbox 191 3197 259 3255; x_wconf 90' lang='lat' dir='ltr'>aliis</span> <span class='ocrx_word' id='word_1_196' title='bbox 278 3206 399 3254; x_wconf 86' lang='lat' dir='ltr'>taceam.</span> <span class='ocrx_word' id='word_1_197' title='bbox 442 3193 603 3251; x_wconf 87' lang='lat' dir='ltr'>Videamus</span> <span class='ocrx_word' id='word_1_198' title='bbox 619 3191 731 3270; x_wconf 85' lang='lat' dir='ltr'>igitur,</span> <span class='ocrx_word' id='word_1_199' title='bbox 751 3207 788 3243; x_wconf 92' lang='lat' dir='ltr'>an</span> <span class='ocrx_word' id='word_1_200' title='bbox 808 3186 918 3244; x_wconf 86' lang='lat' dir='ltr'>horum</span> <span class='ocrx_word' id='word_1_201' title='bbox 937 3183 1124 3250; x_wconf 84' lang='lat' dir='ltr'>eruditorum</span> <span class='ocrx_word' id='word_1_202' title='bbox 1140 3181 1224 3242; x_wconf 88' lang='lat' dir='ltr'>viro-</span> 
     </span>
     <span class='ocr_line' id='line_1_26' title="bbox 146 3288 1225 3378; baseline -0.014 -19"><span class='ocrx_word' id='word_1_203' title='bbox 146 3323 211 3360; x_wconf 87' lang='lat' dir='ltr'>rum</span> <span class='ocrx_word' id='word_1_204' title='bbox 241 3301 378 3359; x_wconf 83' lang='lat' dir='ltr'>assentiri</span> <span class='ocrx_word' id='word_1_205' title='bbox 398 3300 542 3378; x_wconf 87' lang='lat' dir='ltr'>possinms</span> <span class='ocrx_word' id='word_1_206' title='bbox 563 3294 718 3375; x_wconf 89' lang='lat' dir='ltr'>opinioni,</span> <span class='ocrx_word' id='word_1_207' title='bbox 737 3300 767 3348; x_wconf 85' lang='lat' dir='ltr'>et</span> <span class='ocrx_word' id='word_1_208' title='bbox 785 3290 992 3368; x_wconf 88' lang='lat' dir='ltr'>inquiramus,</span> <span class='ocrx_word' id='word_1_209' title='bbox 1015 3309 1054 3345; x_wconf 88' lang='lat' dir='ltr'>an</span> <span class='ocrx_word' id='word_1_210' title='bbox 1075 3307 1113 3347; x_wconf 84' lang='lat' dir='ltr'>ex</span> <span class='ocrx_word' id='word_1_211' title='bbox 1133 3288 1225 3347; x_wconf 86' lang='lat' dir='ltr'>sacris</span> 
     </span>
     <span class='ocr_line' id='line_1_27' title="bbox 150 3394 1225 3483; baseline -0.012 -19"><span class='ocrx_word' id='word_1_212' title='bbox 150 3405 297 3464; x_wconf 83' lang='lat' dir='ltr'>Codicibns</span> <span class='ocrx_word' id='word_1_213' title='bbox 325 3413 445 3483; x_wconf 85' lang='lat' dir='ltr'>pateat,</span> <span class='ocrx_word' id='word_1_214' title='bbox 477 3402 596 3461; x_wconf 85' lang='lat' dir='ltr'>Levites</span> <span class='ocrx_word' id='word_1_215' title='bbox 618 3399 742 3459; x_wconf 89' lang='lat' dir='ltr'>scientia</span> <span class='ocrx_word' id='word_1_216' title='bbox 762 3397 876 3455; x_wconf 90' lang='lat' dir='ltr'>medica</span> <span class='ocrx_word' id='word_1_217' title='bbox 895 3396 1005 3475; x_wconf 88' lang='lat' dir='ltr'>peritos</span> <span class='ocrx_word' id='word_1_218' title='bbox 1022 3394 1120 3454; x_wconf 82' lang='lat' dir='ltr'>fuisse.</span> <span class='ocrx_word' id='word_1_219' title='bbox 1165 3395 1225 3452; x_wconf 89' lang='lat' dir='ltr'>Cu·</span> 
     </span>
    </p>
   </div>
   <div class='ocr_carea' id='block_1_5' title="bbox 145 3561 378 3573">
    <p class='ocr_par' dir='ltr' id='par_1_5' title="bbox 145 3561 378 3573">
     <span class='ocr_line' id='line_1_28' title="bbox 145 3561 378 3573; baseline -0.017 0"><span class='ocrx_word' id='word_1_220' title='bbox 145 3561 378 3573; x_wconf 47' lang='grc' dir='ltr'>-ι--ᾑίῑ-</span> 
     </span>
    </p>
   </div>
   <div class='ocr_carea' id='block_1_6' title="bbox 151 3613 1229 3926">
    <p class='ocr_par' dir='ltr' id='par_1_6' title="bbox 177 3613 872 3686">
     <span class='ocr_line' id='line_1_29' title="bbox 177 3613 872 3686; baseline -0.022 -15"><span class='ocrx_word' id='word_1_221' title='bbox 177 3627 224 3686; x_wconf 81' lang='lat'>(33)</span> <span class='ocrx_word' id='word_1_222' title='bbox 240 3630 322 3675; x_wconf 66' lang='lat' dir='ltr'>Vina,</span> <span class='ocrx_word' id='word_1_223' title='bbox 338 3625 490 3667; x_wconf 81' lang='lat' dir='ltr'>Amocnitates</span> <span class='ocrx_word' id='word_1_224' title='bbox 512 3618 768 3675; x_wconf 78' lang='lat' dir='ltr'>Philologico-mcdicae.</span> <span class='ocrx_word' id='word_1_225' title='bbox 784 3631 806 3672; x_wconf 90' lang='lat' dir='ltr'>p.</span> <span class='ocrx_word' id='word_1_226' title='bbox 820 3613 872 3659; x_wconf 79' lang='lat'><strong>425.</strong></span> 
     </span>
    </p>

    <p class='ocr_par' dir='ltr' id='par_1_7' title="bbox 179 3700 709 3765">
     <span class='ocr_line' id='line_1_30' title="bbox 179 3700 709 3765; baseline -0.019 -14"><span class='ocrx_word' id='word_1_227' title='bbox 179 3706 224 3765; x_wconf 81' lang='lat'>(34)</span> <span class='ocrx_word' id='word_1_228' title='bbox 241 3709 367 3749; x_wconf 71' lang='lat' dir='ltr'>Mirareris</span> <span class='ocrx_word' id='word_1_229' title='bbox 381 3705 491 3746; x_wconf 81' lang='lat' dir='ltr'>Mosaisch</span> <span class='ocrx_word' id='word_1_230' title='bbox 505 3704 571 3758; x_wconf 81' lang='lat' dir='ltr'>ch&#39;t.</span> <span class='ocrx_word' id='word_1_231' title='bbox 586 3705 605 3744; x_wconf 89' lang='grc' dir='ltr'>Ι.</span> <span class='ocrx_word' id='word_1_232' title='bbox 620 3717 642 3756; x_wconf 91' lang='lat' dir='ltr'>p.</span> <span class='ocrx_word' id='word_1_233' title='bbox 658 3700 709 3742; x_wconf 74' lang='lat'>246.</span> 
     </span>
    </p>

    <p class='ocr_par' dir='ltr' id='par_1_8' title="bbox 151 3770 1229 3926">
     <span class='ocr_line' id='line_1_31' title="bbox 181 3770 1228 3847; baseline -0.012 -15"><span class='ocrx_word' id='word_1_234' title='bbox 181 3788 227 3847; x_wconf 77' lang='lat'><strong>(35)</strong></span> <span class='ocrx_word' id='word_1_235' title='bbox 245 3770 407 3835; x_wconf 51' lang='lat' dir='ltr'>:leaenarum</span> <span class='ocrx_word' id='word_1_236' title='bbox 423 3785 584 3839; x_wconf 79' lang='lat' dir='ltr'>Archacologia</span> <span class='ocrx_word' id='word_1_237' title='bbox 604 3783 695 3824; x_wconf 85' lang='lat' dir='ltr'>biblica.</span> <span class='ocrx_word' id='word_1_238' title='bbox 714 3781 838 3828; x_wconf 75' lang='lat' dir='ltr'>Viennae,</span> <span class='ocrx_word' id='word_1_239' title='bbox 862 3778 926 3820; x_wconf 68' lang='lat'>1826.</span> <span class='ocrx_word' id='word_1_240' title='bbox 944 3793 966 3833; x_wconf 88' lang='lat' dir='ltr'>p.</span> <span class='ocrx_word' id='word_1_241' title='bbox 984 3775 1035 3819; x_wconf 79' lang='lat'>135.</span> <span class='ocrx_word' id='word_1_242' title='bbox 1052 3778 1127 3820; x_wconf 88' lang='lat' dir='ltr'>Etiam</span> <span class='ocrx_word' id='word_1_243' title='bbox 1142 3778 1228 3819; x_wconf 81' lang='lat' dir='ltr'>Farau-</span> 
     </span>
     <span class='ocr_line' id='line_1_32' title="bbox 151 3857 1229 3926; baseline -0.009 -18"><span class='ocrx_word' id='word_1_244' title='bbox 151 3873 237 3913; x_wconf 77' lang='lat' dir='ltr'>s&#39;araau</span> <span class='ocrx_word' id='word_1_245' title='bbox 252 3869 278 3921; x_wconf 87' lang='lat' dir='ltr'>(l.</span> <span class='ocrx_word' id='word_1_246' title='bbox 295 3886 313 3912; x_wconf 88' lang='lat' dir='ltr'>c.</span> <span class='ocrx_word' id='word_1_247' title='bbox 331 3866 429 3926; x_wconf 53' lang='lat'>1).&#39;,28.)]:</span> <span class='ocrx_word' id='word_1_248' title='bbox 448 3865 540 3923; x_wconf 73' lang='lat' dir='ltr'>niu{dcu</span> <span class='ocrx_word' id='word_1_249' title='bbox 554 3863 648 3908; x_wconf 82' lang='lat' dir='ltr'>Levitcn</span> <span class='ocrx_word' id='word_1_250' title='bbox 664 3861 789 3906; x_wconf 69' lang='lat' dir='ltr'>oriundas</span> <span class='ocrx_word' id='word_1_251' title='bbox 803 3858 865 3905; x_wconf 77' lang='lat' dir='ltr'>Volk</span> <span class='ocrx_word' id='word_1_252' title='bbox 880 3858 939 3901; x_wconf 74' lang='lat' dir='ltr'>seiae</span> <span class='ocrx_word' id='word_1_253' title='bbox 953 3857 1060 3908; x_wconf 83' lang='lat' dir='ltr'>Weisen,</span> <span class='ocrx_word' id='word_1_254' title='bbox 1075 3858 1171 3901; x_wconf 82' lang='lat' dir='ltr'>Richter·</span> <span class='ocrx_word' id='word_1_255' title='bbox 1184 3859 1229 3899; x_wconf 88' lang='lat' dir='ltr'>nnl</span> 
     </span>
    </p>
   </div>
   <div class='ocr_carea' id='block_1_7' title="bbox 156 3953 256 3995">
    <p class='ocr_par' dir='ltr' id='par_1_9' title="bbox 156 3953 256 3995">
     <span class='ocr_line' id='line_1_33' title="bbox 156 3953 256 3995; baseline 0.03 -5"><span class='ocrx_word' id='word_1_256' title='bbox 156 3953 256 3995; x_wconf 83' lang='lat' dir='ltr'>Aertze.¹&#39;</span> 
     </span>
    </p>
   </div>
   <div class='ocr_carea' id='block_1_8' title="bbox 1091 4025 1110 4081">
    <p class='ocr_par' dir='ltr' id='par_1_10' title="bbox 1091 4025 1110 4081">
     <span class='ocr_line' id='line_1_34' title="bbox 1091 4025 1110 4081; baseline 0 0"><span class='ocrx_word' id='word_1_257' title='bbox 1091 4025 1110 4081; x_wconf 84' lang='lat'>2</span> 
     </span>
    </p>
   </div>
   <div class='ocr_carea' id='block_1_9' title="bbox 0 0 1403 4710">
    <p class='ocr_par' dir='ltr' id='par_1_11' title="bbox 0 0 1403 4710">
     <span class='ocr_line' id='line_1_35' title="bbox 0 0 1403 4710; baseline 0 0"><span class='ocrx_word' id='word_1_258' title='bbox 0 0 1403 4710; x_wconf 95' lang='lat' dir='ltr'> </span> 
     </span>
    </p>
   </div>
  </div>
 </body>
</html>
