2754 4710
587 497 623 505 -
670 463 726 522 100
769 496 808 507 -

143 632 345 702 spectarent,
376 624 408 680 in
436 621 559 680 dubium
580 643 687 681 vocare
707 631 825 700 possent
844 622 987 700 originem
1010 623 1237 702 septemtriona-

136 728 216 784 lem
251 726 340 802 hojus
371 729 470 785 Deae:
494 714 544 783 sed
573 724 646 785 haee
675 728 738 783 Dea
760 723 929 798 Hemithea,
950 725 1114 784 secundum
1134 726 1234 787 virum

144 833 195 890 cl.
229 832 261 890 P.
292 852 322 889 v.
350 831 491 908 Limbnrg
525 832 678 903 Biouwer,
700 837 765 887 erat
793 828 910 886 Astarte
942 829 991 886 vel
1018 830 1137 906 lllylitta
1148 876 1157 907 ,
1188 830 1236 889 cui

148 954 244 1012 saepe
267 932 382 995 Dianae
411 953 519 991 nomen
549 931 723 993 tribuerunt
743 932 866 991 Graeci:
889 932 982 991 lliaua
1002 943 1102 992 autem
1123 935 1237 1014 saepius

153 1057 228 1095 cum
254 1036 377 1115 Ilithyia
408 1037 645 1096 confundebatur
674 1036 754 1119 (22),
807 1038 906 1097 Etiam
938 1039 1091 1097 Cretenses
1121 1041 1155 1098 in
1186 1061 1237 1113 sua

154 1141 258 1201 insula
286 1140 322 1198 ad
355 1139 513 1200 Amnisnm
535 1141 624 1199 Deam
645 1151 778 1200 nostram
798 1150 900 1201 natam
920 1161 981 1200 esse
1002 1142 1237 1222 perhibuerunt,

155 1255 190 1304 et
206 1245 270 1321 jam
290 1243 436 1304 Homerus
458 1245 639 1304 mentionem
661 1243 733 1303 lacit
754 1245 912 1322 speluncae
932 1245 970 1302 ad
994 1245 1154 1304 Amnisum
1178 1247 1240 1305 Lu·

158 1346 246 1406 cinae
274 1366 390 1421 sacrae,
422 1345 459 1405 de
480 1357 589 1425 quaet
609 1348 714 1407 Strabo
734 1348 867 1427 loquitur
889 1347 978 1431 (23);
1000 1349 1050 1408 sed
1070 1371 1139 1409 enm
1161 1351 1242 1410 locus

157 1452 212 1511 hic
242 1451 440 1510 Homerianns
470 1452 550 1510 nihil
577 1452 613 1511 (le
641 1451 756 1530 origine
776 1455 856 1511 Deae
877 1454 908 1510 in
931 1453 1063 1512 medium
1088 1454 1238 1531 proferat,

157 1578 286 1636 cumque
314 1557 352 1614 ab
378 1558 471 1615 altera
496 1567 580 1636 parte
600 1556 696 1616 multa
714 1566 891 1635 argumenta
920 1556 999 1631 sint,
1029 1556 1137 1635 quibus
1170 1576 1241 1636 pro·

159 1665 247 1720 betur
284 1660 323 1718 ab
362 1661 556 1740 Hyperboreis
596 1662 634 1720 ad
666 1662 791 1721 Graecos
819 1681 879 1720 esse
910 1663 1088 1723 translatum
1126 1663 1243 1722 cultum

163 1761 326 1841 Ilithyiae,
349 1785 417 1823 curn
435 1764 503 1823 viro
514 1764 636 1824 eluar.
651 1763 836 1824 L.Bronwer
857 1766 1126 1844 septemtrionalem
1149 1766 1241 1845 origi-

158 1888 229 1928 nem
249 1867 339 1942 hujus
371 1870 450 1926 Deae
476 1868 663 1945 ,probabilem
684 1868 826 1927 habemns
848 1868 926 1951 (21).
967 1870 1057 1947 Apud
1077 1869 1240 1929 Homerum

156 1979 260 2028 autern
280 1991 341 2028 uon
362 1971 459 2029 solum
480 1970 516 2028 de
536 1971 659 2051 Ilithyia
678 1971 711 2027 in
733 1971 896 2048 singulari,
922 1970 972 2029 sed
988 1972 1079 2030 etiam
1091 1971 1128 2028 de
1138 1971 1240 2031 eadem

157 2077 193 2134 in
222 2073 331 2155 plurali
352 2083 395 2132 est
415 2093 527 2132 sermo:
558 2074 599 2133 sic
619 2074 698 2134 Jnno
717 2074 829 2132 dicitur
849 2074 1012 2134 inhibuisse
1033 2087 1152 2156 partum
1174 2077 1242 2136 nle-

158 2198 263 2237 menae
292 2186 323 2236 et
349 2177 519 2256 repressisse
550 2176 688 2255 llitbyias
719 2175 803 2258 (25):
838 2179 970 2258 bottiger
1000 2200 1131 2238 caussam
1152 2180 1243 2257 hujus

160 2283 206 2342 rei
240 2282 316 2340 hanc
345 2301 405 2340 esse
435 2280 527 2356 dicit,
558 2281 639 2360 quod
668 2281 812 2340 Homerus
842 2281 913 2340 duas
942 2282 1078 2342 diversas
1102 2282 1241 2362 Ilithyias

162 2387 341 2465 accepisset,
381 2385 504 2443 alteram
545 2385 671 2444 faustam
703 2389 929 2465 (inrlvoups'rpr
960 2397 991 2446 et
1021 2391 1169 2465 ἡπιόνην),
1196 2389 1242 2447 al-

159 2503 255 2550 teram
285 2491 445 2550 infaustam
482 2493 697 2571 (μογοστόκον,
729 2494 964 2570 nospes-motum
994 2494 1130 2566 ἄγουσαν)
1162 2491 1240 2572 (20).

164 2595 220 2656 sed
249 2595 432 2669 dubitarem,
459 2595 501 2651 ita
539 2595 620 2652 inter
647 2594 776 2657 faustam
818 2605 849 2654 et
880 2596 1040 2655 infaustam
1086 2595 1242 2673 Ilithyiam

161 2698 404 2776 distinguendum
436 2718 516 2768 esse,
548 2719 725 2777 omnemque
757 2699 912 2777 Ilithyiam
942 2702 1037 2758 Deam
1072 2700 1175 2758 mitem
1213 2708 1243 2757 et

161 2800 399 2882 parturientibus
428 2798 623 2857 auxiliantem
649 2800 762 2875 haben,
800 2821 930 2879 quarum
967 2822 1069 2860 curam
1098 2801 1187 2860 habet
1213 2812 1244 2860 et

164 2905 281 2962 dolores
311 2901 410 2973 levat,
441 2920 578 2978 quaeque
607 2900 703 2978 igitur
719 2925 737 2960 a
753 2903 907 2980 puerperis
926 2902 960 2959 in
980 2902 1152 2961 discrimine
1173 2921 1244 2961 ver-

164 3004 315 3078 santibus,
350 3011 385 3062 ut
411 3022 496 3081 opem
522 3001 636 3077 ferret,
663 3005 791 3062 maxime
820 3007 1035 3086 implorabatur
1053 3008 1131 3087 (27).
1167 3006 1245 3067 Nam

163 3134 384 3150 μ...-

198 3203 245 3255 (22)
262 3204 289 3244 P.
299 3215 344 3243 vnu
352 3201 462 3242 Lrununo
470 3200 597 3257 Bnoousa,
612 3195 713 3239 Histoire
725 3199 752 3238 «le
760 3198 782 3239 la
789 3199 853 3240 civil.
862 3200 899 3241 des
907 3200 985 3243 Grecs.
995 3194 1048 3243 1.'t.
1057 3213 1079 3253 p.
1088 3199 1131 3242 203
1139 3200 1245 3242 inauriat.

197 3283 245 3338 (23)
262 3283 329 3323 rsus.
346 3279 398 3323 nib.
415 3281 434 3321 1.
450 3292 471 3321 ο.
488 3279 523 3322 rs.
536 3280 633 3322 nossa.
648 3279 690 3320 oa.
708 3268 738 3315 Τ.
753 3294 788 3322 vs.
804 3279 853 3324 ns.
874 3281 971 3341 swern.
988 3281 1017 3322 x.
1031 3295 1054 3335 p.
1072 3280 1123 3325 rao.
1145 3282 1176 3324 n.
1192 3281 1243 3324 trs.

197 3361 245 3415 (24)
262 3363 290 3406 P.
306 3376 329 3404 v.
344 3362 456 3404 hmanas
470 3361 604 3409 Bnonwsa,
619 3374 640 3403 ο.
655 3359 672 3402 l.
687 3373 711 3413 p.
726 3357 780 3402 203.

197 3441 245 3498 (25)
262 3444 292 3486 ῃ,
316 3431 346 3477 Τ.
368 3456 403 3487 v„
426 3442 475 3485 119.
499 3436 513 3490 tt
527 3422 620 3491 σχέθε
636 3420 661 3475 δ’
684 3420 905 3486 Ἕιλειθυίας·”
935 3441 972 3484 cs,
988 3443 1017 3485 ῃ,
1041 3428 1077 3477 Λ.
1091 3456 1125 3486 η,
1141 3441 1184 3485 270
1198 3430 1242 3494 sq?

165 3528 366 3603 »μογοστόκοι
384 3525 571 3581 'Katarbates
593 3530 689 3600 Ἥρης
710 3523 900 3600 θυγοιτὲρος.υ

197 3627 246 3682 (26)
260 3629 393 3675 nonnose,
410 3627 504 3682 Ilithyia
517 3628 569 3668 oder
582 3626 616 3668 slis
630 3627 702 3670 llexe.
718 3626 843 3675 Weim'or,
861 3627 925 3670 1799.
941 3642 963 3682 p.
980 3625 1016 3669 27.
1030 3626 1067 3671 Cf.
1076 3626 1143 3669 etiam
1158 3628 1246 3670 Sem·

167 3725 227 3759 ean,
243 3710 334 3763 Pragm.
348 3707 428 3750 Geseh.
442 3709 465 3752 d.
479 3708 595 3764 Araneyk.
610 3707 639 3750 Τ.
654 3707 729 3763 bpag.
746 3705 795 3751 140.
813 3705 857 3758 (ed.
875 3706 952 3762 1800.)
965 3721 989 3762 p.
1005 3707 1056 3752 172.
1069 3707 1113 3763 (erl.
1129 3706 1215 3763 lblh).

198 3787 246 3842 (ar)
262 3767 441 3844 Πραῧμηῑὶς·
456 3788 525 3830 nnn.
538 3788 631 3844 otymp.
646 3789 688 3833 vr.
708 3803 743 3832 vs.
765 3788 801 3832 οι.
823 3770 1018 3844 perpetrator.
1033 3789 1103 3834 run.
1125 3789 1194 3846 ayn.
1209 3788 1246 3832 111.

167 3887 203 3916 vs.
221 3870 248 3914 14
261 3885 295 3923 sq.
313 3852 420 3919 ἔχουσα
439 3853 600 3925 θεραπείαν
623 3851 679 3905 τῶν
699 3852 730 3907 ἐν
744 3851 782 3923 τῷ
796 3855 906 3907 τίκτειν
918 3850 1158 3908 κακοπὰθουσών.
1174 3872 1244 3913 Dron.

168 3955 215 3995 Src.
231 3951 283 3996 Lib.
301 3951 332 3992 V.
347 3962 366 3990 c.
384 3947 420 3988 73.
442 3943 481 3997 (T.
498 3947 517 3992 1.
534 3963 556 4003 p.
572 3948 635 4003 389.)
651 3948 688 3992 Cf.
703 3950 771 3993 Pam.
786 3950 846 3995 Vlll.
860 3965 880 3993 c.
902 3949 940 3993 32.
961 3949 1036 3993 Etiam
1056 3951 1113 4004 apua
1135 3951 1246 3994 Romanos

170 4033 232 4076 mitis
246 4038 302 4074 erat.
320 4029 418 4081 (lloutr.
434 4029 510 4072 Carm.
525 4031 608 4076 saecul.
623 4045 657 4074 vs.
675 4028 720 4086 lt.)
