2754 4710
584 445 804 503 -115-

149 605 288 687 gestantis
315 603 392 685 (50).
448 605 533 664 Patet
558 604 670 683 igitur,
692 604 845 664 interdum
866 604 957 663 etiam
974 604 1177 680 Mercurium,
1196 613 1231 664 ut

149 711 265 770 morbos
292 709 469 788 depelleret,
502 709 534 770 in
564 709 710 769 auxilium
738 718 878 769 vocatum
896 707 996 768 fnisse.
1039 708 1230 768 Recentiores

146 835 215 874 oraru
233 813 324 873 etiam
344 814 480 873 sanitatis
496 825 527 873 et
541 814 725 875 medicorum
742 813 915 891 magistrum
929 822 1143 892 nuncuparunt
1152 812 1230 892 (51).

146 917 236 991 Quod
266 917 302 977 ad
328 917 480 977 Bacchum
506 917 632 994 attinet,
654 919 813 979 Pausanias
832 917 1014 992 mentionem
1031 918 1106 979 facit
1123 918 1230 997 adytus

148 1021 304 1098 cujusdam
329 1022 367 1079 ad
389 1021 585 1082 Phocensium
616 1022 718 1082 urbem
748 1022 974 1101 Amphialeam,
1006 1023 1039 1080 in
1067 1043 1126 1102 quo
1148 1021 1231 1100 orgia

145 1125 290 1186 bacchica
324 1126 563 1186 celebrabantur:
596 1126 757 1186 narrabant
784 1136 884 1187 autem
902 1125 1159 1205 Amphicleenses,
1181 1124 1232 1182 hic
1328 1111 1331 1119 ¹

145 1241 177 1292 et
193 1229 297 1289 sutura
309 1231 381 1301 sibi,
404 1208 471 1290 Deo
487 1241 622 1308 auctore,
635 1230 768 1311 praedici
780 1242 811 1290 et
827 1242 930 1291 eontra
948 1232 1063 1290 morbos
1073 1232 1107 1290 in
1129 1249 1230 1310 prom·

145 1346 180 1394 tu
203 1354 266 1395 esse
289 1335 420 1394 remedia
431 1359 440 1412 3
460 1346 491 1395 et
520 1346 612 1396 semet
630 1337 708 1414 ipsos
724 1356 787 1395 non
807 1337 921 1411 solum,
947 1336 997 1395 sed
1017 1336 1107 1394 etiam
1135 1333 1230 1393 finiri-

145 1460 210 1499 mos
227 1439 264 1498 de
276 1439 456 1501 morborum
474 1441 597 1501 medelis
611 1441 645 1499 in
664 1439 776 1500 somnis
794 1437 911 1499 moneri
933 1438 1011 1520 (52).

609 1665 761 1693 ³000»

532 1835 840 1905 ceruum.

197 2054 371 2129 Heminae,
393 2058 453 2140 qui
483 2055 628 2119 durante
657 2058 816 2120 vilosco
846 2055 886 2118 de
909 2054 1077 2118 medicina
1107 2052 1182 2114 bene

216 2180 407 2234 meruerunt
418 2217 425 2246 ,
432 2179 513 2258 post
525 2180 662 2237 mortem
676 2170 809 2236 divinos
821 2172 961 2234 honores
973 2170 1155 2258 accipiunt.

641 2406 666 2482 s.
690 2408 735 2466 11.

189 2611 366 2671 Notissimus
398 2621 442 2670 est
471 2612 522 2670 hic
549 2622 685 2670 veterum
707 2632 770 2672 mos
781 2660 790 2688 ,
812 2623 878 2692 post
897 2621 1026 2672 mortem
1051 2610 1090 2670 iis
1107 2609 1228 2670 divinos

148 2717 281 2774 honores
305 2703 476 2788 tribuendi,
493 2715 547 2792 qui
581 2715 709 2775 durante
731 2715 792 2774 vita
810 2735 863 2773 sua
888 2716 962 2774 bene
991 2734 1061 2793 erga
1088 2713 1227 2795 aequales

143 2823 340 2876 meruerant:
370 2815 480 2872 mirum
504 2815 597 2893 igitur·
624 2817 723 2875 videri
748 2817 869 2895 nequit,
896 2818 987 2876 etiam
1003 2817 1061 2893 iis,
1082 2817 1137 2895 qui
1155 2835 1226 2894 prae

142 2919 271 2981 caeteris
291 2926 355 2974 arte
380 2929 481 2976 nostra
511 2918 654 2995 salutari,
678 2940 737 2999 qus
761 2919 979 2998 aegrotantibus
996 2919 1108 2977 sanitas
1126 2916 1227 2975 reddi-

142 3039 221 3098 tur,
254 3022 383 3101 insignes
412 3023 545 3093 fuerant,
588 3033 701 3100 gratam
730 3025 933 3100 posteritatem
962 3042 1028 3082 aras
1054 3030 1084 3079 et
1114 3019 1226 3098 templa

143 3126 352 3188 exstruxissa
378 3126 460 3199 Quin
490 3145 583 3204 quum
604 3125 683 3204 ipsos
705 3125 839 3197 morbos,
872 3125 984 3205 qnippe
1009 3146 1027 3183 a
1049 3123 1116 3182 Diis
1141 3122 1227 3182 iratis

141 3231 310 3304 immissos,
343 3251 404 3292 non
430 3230 572 3301 bumana,
597 3229 647 3289 sod
673 3231 806 3289 Deorum
827 3229 1033 3290 tantummodo
1052 3249 1107 3310 ope
1126 3227 1227 3290 sanari

140 3357 228 3427 posse
255 3335 424 3412 crederent,
456 3322 583 3415 ideoque
614 3335 761 3400 medicina
787 3334 849 3397 iliis
875 3336 1008 3417 primum
1027 3356 1094 3395 snos
1114 3335 1225 3394 iuven.-

142 3457 224 3505 tores
249 3444 418 3524 adsignaret
440 3453 471 3506 et
492 3441 575 3501 coelo
594 3440 708 3502 mearet
725 3441 816 3522 (53),
843 3462 904 3503 non
928 3441 1043 3522 potuit,
1073 3440 1149 3519 quin
1172 3438 1238 3496 aa·

145 3549 308 3611 miratione
327 3549 465 3610 felicium
488 3566 677 3608 successuum
693 3546 794 3623 ducti,
811 3567 878 3619 ecs,
902 3546 956 3627 qni
975 3546 1009 3604 in
1033 3544 1150 3606 casibus
1170 3541 1223 3638 de·

174 3794 223 3853 (so)
239 3796 307 3838 rius.
324 3792 378 3836 ma
393 3776 473 3836 naz.
491 3790 528 3833 22.
774 3859 777 3864 ,

173 3876 221 3933 (51)
238 3878 360 3920 Puununr.
374 3875 401 3916 da
415 3872 469 3917 Nat.
485 3875 553 3915 Deor.
567 3887 588 3916 c.
603 3872 669 3915 XVI.
687 3869 763 3923 (Gaea
776 3902 783 3921 ,
794 3883 871 3935 opusc.
886 3868 982 3924 mythol.
997 3883 1020 3924 p.
1044 3866 1114 3922 let).
1129 3867 1221 3915 Gaura.

141 3968 201 4006 orat.
217 3973 304 4002 suasor.
318 3957 346 3999 ad
358 3963 439 3999 artem.
452 3969 472 3997 e.
488 3956 522 3997 11.

175 4039 223 4100 (52)
241 4041 310 4086 Paos.
327 4037 379 4080 Lib.
395 4037 425 4080 X.
443 4050 464 4079 e.
481 4033 518 4079 33.
737 4096 740 4103 ¹
776 4033 824 4092 (53)
841 4035 910 4079 Pus.
929 4035 980 4079 Lib.
998 4028 1088 4084 xxlx.
1101 4046 1122 4077 r.
1141 4032 1160 4076 1.
1246 4032 1250 4041 “

1056 4116 1100 4176 8,
