2754 4710
636 433 835 490 ...16-

191 612 240 648 sus
260 591 367 648 desunt
394 600 584 668 argumenta,
618 591 741 669 quibus,
770 601 864 650 artem
896 590 1040 649 medicam
1069 592 1105 648 ab
1134 592 1277 656 Israelitis

192 695 341 754 excultam
367 693 471 765 luisse,
497 694 669 769 credamus,
691 695 717 753 si
739 705 818 753 certe
839 695 908 754 viro
929 695 1100 754 venerando
1122 697 1215 756 Scotti
1232 717 1277 755 as-

192 798 295 856 sentiri
317 797 477 870 audemus,
502 797 554 876 qui
575 818 611 856 ex
632 798 686 870 iis,
720 819 797 878 quae
818 797 854 855 de
875 819 942 877 rege
964 799 1123 858 Salomone
1146 799 1184 880 (I.
1207 800 1276 879 Reg.

190 903 239 962 IV:
263 902 326 984 33.)
346 903 507 979 dicuutur,
529 902 660 974 scilicet,
686 902 800 961 nillum
822 902 859 960 de
879 903 1048 975 arboribus,
1074 904 1200 964 acedro
1227 905 1277 964 Li-

189 1008 258 1066 bani
281 1030 373 1087 usque
393 1008 430 1066 ad
450 1007 618 1087 hysopum,
649 1005 703 1085 qui
725 1007 912 1065 nascituris
934 1007 1101 1086 parietinis,
1125 1008 1279 1068 disseruis-

190 1113 266 1185 se,’'
289 1112 479 1192 suspicatur,
511 1131 610 1189 regern
631 1109 665 1167 in
686 1108 767 1168 hisee
787 1109 987 1170 describendis
1016 1111 1209 1190 probabiliter
1229 1118 1278 1171 'ea-

189 1237 258 1275 rum
280 1218 409 1276 virtutes
434 1215 563 1275 medieas
592 1214 711 1273 silentio
741 1235 802 1273 non
831 1214 1020 1293 praeteriisse
1039 1211 1136 1296 (32⁴).
1180 1215 1279 1294 Neque

189 1320 280 1380 Iosua
300 1320 419 1380 Siraehi
438 1320 518 1379 filius
539 1319 697 1399 populares
716 1317 893 1378 exhortatus
921 1317 1042 1394 suisset,
1071 1327 1105 1377 ut
1129 1317 1279 1376 medicum

189 1423 355 1483 honoribus
367 1424 432 1484 usui
442 1424 537 1504 ipsius
550 1423 798 1483 convenientibus
807 1423 958 1481 afficerent
967 1420 1094 1501 (Eccles.
1110 1421 1276 1482 XXXVIII:

194 1524 257 1608 1.)‚
286 1528 346 1588 nisi
366 1538 501 1609 tempore
521 1527 610 1589 horse
631 1525 709 1609 apud
730 1525 878 1586 Israelitas
899 1525 961 1587 viri
982 1536 1045 1586 srte
1066 1524 1206 1585 medendi
1226 1545 1277 1606 pe-

190 1632 245 1692 riti
265 1633 459 1695 exstitissent.

457 2173 1020 2240 §uentosissimum

193 2424 233 2461 DE
254 2419 686 2474 Nscssstswrst1‚stmsr
705 2422 799 2463 mrsu
820 2423 873 2463 DEI
892 2423 1019 2464 CUL'I'UM
1040 2425 1076 2464 E!
1085 2420 1276 2464 Memorium,

603 2633 804 2702 otrus
835 2636 869 2702 1.

284 2857 331 2922 Be
350 2858 606 2939 necessitudine,
629 2880 715 2948 quae
735 2864 811 2922 erat
830 2857 920 2949 inter
944 2852 1136 2919 secerdotes
1160 2863 1191 2917 et

641 2973 851 3040 medecinam.

710 3212 775 3290 ss.

236 3397 378 3477 Aliquam
397 3399 643 3459 necessitudinem
667 3400 749 3458 inter
768 3393 933 3456 sacerdotes
955 3403 986 3453 et
1002 3393 1175 3453 morborum
1190 3412 1277 3452 oura-

194 3502 306 3561 tionem
331 3501 464 3561 extitisse
480 3503 560 3582 apud
580 3501 747 3579 Hebraeos,
773 3500 838 3577 jam
852 3520 890 3559 er
908 3520 943 3558 eo
961 3509 1059 3578 patet,
1083 3498 1163 3578 quod
1181 3497 1277 3578 pluri-

195 3627 261 3666 mos
277 3604 394 3664 morbos
409 3626 427 3662 a
446 3606 559 3667 Jehova
579 3606 752 3686 repetebant
770 3607 806 3665 ab
826 3627 919 3686 eoque
938 3606 1123 3666 sanationem
1136 3606 1201 3665 dari
1212 3605 1277 3685 opi-

192 3709 352 3771 nabantur.
395 3709 566 3770 Sacerdotes
595 3709 677 3769 eninr
704 3711 786 3790 quasi
810 3711 906 3791 magis
929 3711 1070 3771 intimans
1089 3709 1277 3770 consuetudi-

185 3841 295 3852 ³¹——

221 3905 283 3965 (ab)
299 3907 394 3958 Sessar,
410 3907 454 3950 Die
466 3905 572 3962 Religion
586 3906 632 3949 und
645 3903 894 3961 Araneywissensehsst
906 3904 932 3947 in
945 3905 1010 3947 ibren
1023 3904 1211 3960 wechselseitigen
1230 3904 1274 3946 Be·

190 3991 321 4047 siehasgen.
343 3990 409 4034 Nach
424 3990 473 4035 dem
488 3989 658 4037 Itsli'a'niseheu.
675 3989 760 4037 trien.
776 3989 842 4036 1824.
857 4003 880 4046 p.
895 3987 931 4032 31.
