2754 4710
590 440 628 498 ,ζ
674 458 728 515 1119
771 487 810 502 ...

144 608 336 689 dlelampodis
363 614 490 687 ademit3
522 635 589 672 narn
619 617 818 696 Iphianassam
849 637 887 676 ex
914 618 970 692 iis,
1003 639 1076 697 quae
1106 638 1226 696 soperc-

141 724 231 789 rant,
255 717 438 778 Proetidibus
458 739 548 777 unam
576 721 608 778 in
632 721 978 799 matrimoniumaccepit
997 731 1038 796 et,
1062 721 1107 779 uti
1126 720 1159 778 in
1179 741 1228 778 ca-

144 820 207 899 pite
224 823 418 898 praecedente
426 823 566 901 dixitnus,
576 827 722 905 templum
733 828 759 885 ei
772 834 967 884 eststructum
989 821 1171 903 Aegistheni.
1190 858 1229 868 -

144 924 193 983 Ex
211 924 324 984 duobus
339 923 399 984 illis
416 927 560 1006 exemplis
576 929 692 988 abunde
712 940 815 1009 patere
839 928 964 1001 videtur,
987 927 1115 985 medicos
1135 911 1226 1004 hujus

144 1027 213 1087 aevi
242 1029 415 1087 auctoritati
433 1051 502 1088 snae
520 1033 632 1110 optime
659 1034 839 1093 consuluisse
854 1032 993 1090 audacter
1009 1030 1124 1089 exitum
1145 1049 1230 1108 prae-

146 1131 299 1207 dicentes,
323 1133 348 1190 si
365 1143 436 1196 tuto,
449 1154 479 1193 se
497 1134 555 1195 hoc
576 1118 672 1196 fucere
693 1158 775 1216 posse
793 1146 951 1216 putarent,
976 1135 1025 1193 sed
1045 1155 1104 1194 non
1119 1143 1230 1190 temere

142 1234 258 1313 aliquid
291 1236 498 1313 promittentes
512 1284 521 1313 ,
553 1239 579 1298 si
615 1242 767 1320 prognosis
786 1239 875 1298 dubia
892 1249 966 1298 esset
986 1237 1142 1312 ltabenda3
1165 1236 1232 1294 exi-

144 1348 211 1396 tum
249 1346 346 1396 autem
375 1337 539 1400 infaustum
572 1343 609 1402 iis
633 1364 694 1403 non
720 1347 903 1424 imputatum
933 1364 1003 1402 esse.
1033 1377 1072 1391 —-
1093 1341 1128 1400 ln
1143 1341 1233 1399 initio

144 1444 238 1523 igitur
268 1444 300 1501 in
331 1465 391 1502 uuo
422 1445 544 1506 homine
563 1469 665 1508 omues
688 1449 858 1509 sunsttioncs
886 1450 1061 1524 conjunctae
1078 1445 1232 1505 existima-

146 1550 276 1625 bantur,
309 1551 488 1611 sncerdotale
518 1576 644 1624 munus,
680 1555 878 1627 vaticinium,
914 1574 961 1609 ars
997 1551 1133 1609 medendi
1169 1568 1233 1606 cae-

143 1661 288 1730 teraeque
312 1663 398 1713 artes.
442 1656 545 1715 Postea
559 1678 639 1733 vero,
657 1680 749 1737 quum
769 1657 869 1735 plures
886 1653 1018 1714 scientiis
1034 1674 1153 1732 operam
1179 1651 1233 1709 da-

147 1767 236 1831 rent,
272 1779 332 1815 non
358 1760 487 1838 amplius
516 1762 618 1819 omnia
649 1783 773 1820 munera
802 1762 835 1819 iu
863 1781 923 1817 uno
945 1767 1032 1816 erant
1048 1759 1227 1830 coniuncta,

143 1874 174 1921 et
202 1865 263 1939 jam
294 1864 372 1941 apud
401 1862 563 1922 Homerum
595 1865 732 1924 videmus
759 1866 887 1924 modicos
920 1885 980 1921 uon
1009 1882 1111 1920 omnes
1140 1861 1231 1918 simul

149 1977 245 2025 vates:
279 1967 402 2026 Calchas
427 1970 508 2027 euim
538 1980 620 2027 vates
651 1979 730 2042 erat3
761 1971 927 2029 Podalirius
949 1989 1019 2027 vero
1038 1978 1068 2025 et
1089 1966 1232 2027 Machaon

143 2071 271 2130 medici:
304 2082 435 2131 attamen
462 2073 493 2131 in
523 2071 670 2130 medicina
698 2073 878 2131 vaticinium
897 2093 1013 2150 semper
1036 2069 1144 2128 summi
1166 2091 1230 2127 mo-

144 2176 239 2236 menti
249 2175 421 2251 habebatur,
434 2178 477 2235 uti
493 2177 556 2253 jam
569 2197 651 2236 exeo
662 2186 742 2257 patet
754 2223 762 2252 ,
786 2176 868 2254 quod
878 2175 911 2232 in
933 2185 1014 2252 peste
1030 2173 1084 2231 illa
1098 2173 1231 2232 Achivo-

145 2303 213 2340 rum
235 2303 295 2339 non
321 2282 463 2341 Podalirii
485 2293 516 2341 et
539 2282 706 2344 Machaonia
725 2281 957 2351 medicamenta,
990 2281 1039 2338 sed
1062 2278 1233 2338 Calchantis

142 2386 288 2446 vaticinia
316 2387 348 2444 iu
370 2408 455 2445 usum
474 2391 672 2463 vocabantur;
697 2388 773 2467 quin
791 2387 882 2446 etiam
901 2386 995 2444 multo
1020 2383 1233 2443 recentioribus

144 2491 326 2569 temporibus
352 2493 492 2572 gravibus
517 2495 548 2552 in
576 2495 686 2554 morbis
704 2495 741 2552 ab
761 2493 890 2553 oraculis
913 2493 1088 2571 petebantur
1108 2489 1233 2549 auxilia.

145 2596 223 2655 Hinc
253 2597 307 2654 din
334 2600 424 2655 etiam
446 2599 664 2659 incantationes
688 2611 720 2657 et
733 2599 923 2658 lustrationes
941 2594 1121 2676 praecipuae
1140 2593 1235 2652 rnedi-

145 2702 270 2760 cationis
302 2713 402 2778 partes
430 2699 638 2781 habebantur,
671 2726 747 2782 quas
777 2723 876 2780 neque
901 2700 924 2757 ii
942 2700 1233 2777 omittebantjqui,

143 2805 216 2861 licet
245 2823 341 2879 neque
367 2806 530 2864 sacerdotes
562 2829 657 2886 neque
700 2819 782 2865 vates
799 2815 914 2878 essent,
936 2815 1034 2863 tamen
1055 2804 1233 2862 medicinam

146 2906 331 2964 exercebant.
376 2907 427 2965 stc
459 2906 548 2966 etiam
582 2911 662 2988 apud
679 2910 806 2968 eundem
819 2907 980 2966 Homerum
1003 2892 1140 2982 legimuss
1159 2905 1234 2962 filios

148 3006 289 3085 Autolyci
307 3007 420 3066 vulnus
434 3008 547 3088 Ulyssis
570 3033 629 3069 non
645 3014 741 3071 solum
762 3015 834 3071 scite
856 3013 958 3090 ligasse
984 3013 1233 3087 (ἐπισταμένως),

144 3109 192 3168 setl
221 3110 309 3167 etiam
337 3110 542 3171 incantatione
572 3117 722 3190 (dnocsdp)
753 3113 930 3192 sanguinem
952 3113 1117 3172 cohibuisse
1145 3111 1230 3191 (84ss

146 3236 205 3294 qua
220 3236 254 3273 ex
274 3235 306 3272 re
323 3224 423 3294 patet,
445 3216 536 3293 juxta
559 3217 730 3296 opinionem
751 3217 841 3293 hujus
863 3217 929 3276 aevi
949 3217 1107 3274 hominum
1128 3216 1233 3273 vulne-

145 3318 186 3377 ris
207 3320 379 3397 ligationem
399 3341 458 3379 non
485 3323 625 3381 sufficere.
670 3321 753 3397 Quod
769 3328 868 3378 antem
888 3321 925 3378 ad
944 3329 1026 3379 vates
1045 3329 1076 3378 et
1096 3320 1232 3378 sacerdo·

143 3436 187 3481 tes
207 3424 335 3499 attinet,
359 3424 467 3483 horum
488 3443 598 3484 sautius
622 3426 744 3488 llorneri
762 3437 895 3504 tempore
917 3443 1010 3504 aeque
1029 3426 1130 3482 nrinus
1157 3444 1233 3482 sem-

144 3549 197 3606 per
220 3529 251 3585 in
271 3530 410 3587 unoviro
433 3531 626 3608 conjunctum
645 3533 734 3591 luisse
755 3531 888 3592 ridetur.
923 3529 1053 3590 Achilles
1071 3530 1152 3589 enim
1165 3551 1233 3588 suam

143 3634 211 3701 det,
249 3640 281 3688 ut
312 3632 360 3690 ool
389 3634 520 3712 aliquem
543 3645 657 3708 vatem,
685 3637 735 3695 ool
752 3634 956 3709 sacerdotem,
979 3635 1028 3693 vel
1047 3644 1076 3692 et
1095 3634 1226 3692 somnio·

148 3741 423 3755 ,m

142 3785 189 3826 rias
203 3799 262 3833 esse,
278 3785 415 3827 existimasse
430 3786 609 3840 Melampodcm,
632 3788 726 3829 verbum
746 3789 857 3830 Graecum
878 3785 912 3828 hic
934 3787 997 3827 mori
1016 3786 1162 3842 siguificare,
1184 3787 1233 3828 reri

146 3872 182 3906 cst
205 3865 286 3907 simile.

181 3946 228 4004 (aa)
246 3948 288 3991 ca.
306 3949 333 3991 r.
351 3947 402 3992 sss.

174 4027 223 4082 (ss)
241 4030 270 4072 u.
293 4015 328 4067 A·
345 4030 381 4074 es.
398 4016 431 4066 B·
447 4028 499 4074 sas.
516 4021 547 4070 Z.
564 4034 600 4077 rs.
621 4020 650 4069 E·
670 4036 720 4082 149.
737 4021 774 4070 st.
791 4033 842 4077 221.
860 4033 903 4076 ou.
921 4019 954 4068 us
973 4032 1022 4077 us.
